3062 5070
712 383 925 441 ..56-

232 552 313 630 apud
336 551 421 631 Apld
451 559 600 630 narretur,
629 553 847 633 Electryonem
877 575 895 614 a
925 575 1038 633 genero
1070 553 1168 617 invito
1199 555 1341 634 interfici,
1373 576 1413 616 ex
1525 633 1526 638 η

231 654 412 734 Pherecyde
434 663 591 733 sumptum
614 675 690 728 esse,
714 656 937 717 obvertendum
961 665 1016 735 est,
1044 656 1103 717 hoc
1125 679 1186 718 non
1207 659 1309 720 miuus
1332 660 1413 718 bene
1525 657 1526 718 l

232 777 270 816 ex
284 755 362 817 falsa
377 757 508 818 Hesiodi
522 758 777 836 interpretatione
792 779 916 820 manare
936 759 1083 838 potuisse.
1119 761 1286 821 Praeterea
1301 762 1412 821 eodem
1525 779 1526 834 ζ

233 859 323 920 modo
346 857 470 920 fabulae
489 861 613 940 saepius
627 869 765 921 mutatae
780 862 926 924 videntur
947 861 1013 922 sivo
1036 882 1054 921 a
1076 869 1230 924 certarum
1251 863 1414 941 regionum

235 961 344 1023 incolis
361 962 427 1024 sive
448 963 659 1042 scriptoribus,
681 964 825 1024 nimirum
839 971 875 1024 ut
890 965 981 1024 heros
997 963 1121 1040 quidam
1138 965 1286 1027 innocens
1302 966 1415 1026 redde·
1525 987 1526 998 ¹

233 1071 326 1124 retur.
369 1065 468 1126 Plane
490 1065 572 1126 idem
595 1086 669 1127 sane
692 1067 799 1127 eodem
822 1087 896 1128 casu
917 1073 1041 1127 narrato
1070 1067 1218 1129 habemus
1244 1068 1277 1128 in
1299 1069 1413 1148 Tlepo·
1525 1113 1526 1124 ,

235 1167 308 1227 lomi
329 1165 447 1228 fabula:
471 1165 506 1228 cf
523 1188 561 1228 ex
583 1189 620 1246 gr
642 1169 698 1230 soh
718 1168 801 1229 Pind
823 1167 861 1228 Ol
885 1170 913 1246 7,
934 1170 975 1228 46
999 1176 1030 1230 et
1051 1171 1102 1230 49.

318 1269 370 1328 Ad
388 1270 550 1347 sequentia
567 1271 801 1349 progredientes
824 1270 912 1348 (114,
930 1273 956 1348 6,
973 1273 992 1331 6
1009 1275 1078 1349 sqq)
1100 1272 1239 1351 primum,
1262 1278 1298 1332 ut
1321 1280 1417 1333 antea

234 1372 483 1451 memoravimus,
513 1373 706 1433 Perimedam
729 1373 853 1434 aliunde
874 1394 935 1434 non
957 1363 1061 1434 notar'n
1085 1375 1267 1453 invenimus,
1299 1374 1416 1434 deinde

235 1474 430 1553 Licymnium
459 1495 528 1536 curn
550 1475 775 1554 Amphitryone
798 1476 921 1536 Thebas
950 1474 1125 1555 profectum
1155 1497 1223 1538 esse
1253 1485 1416 1538 narratum

238 1577 397 1638 habemus.
448 1577 543 1638 Cuius
571 1579 617 1639 rei
646 1599 797 1657 nusquam
824 1578 990 1657 vestigium
1017 1578 1166 1658 videmus,
1198 1578 1254 1640 sed
1284 1600 1418 1660 semper,

238 1686 385 1757 quantum
408 1679 507 1758 video,
538 1688 570 1741 et
595 1681 678 1760 apud
700 1681 785 1761 Apld
806 1681 848 1760 H,
871 1684 899 1760 8,
922 1683 950 1760 2,
974 1685 993 1741 2
1022 1681 1124 1760 ipsum
1145 1682 1178 1742 in
1199 1684 1418 1761 Peloponneso

236 1790 292 1844 est.
335 1782 404 1843 Hoc
426 1783 523 1861 igitur
545 1805 604 1862 quo
628 1784 755 1846 consilio
782 1783 943 1845 inductum
971 1784 1025 1863 sit,
1056 1804 1118 1845 non
1147 1785 1209 1846 iam
1238 1785 1418 1864 intelligere
1525 1815 1526 1844 r

235 1905 407 1964 possumus.

321 1987 442 2048 Deinde
463 1990 611 2052 habemus
633 1989 771 2050 fabulam
794 1988 832 2050 do
854 1989 948 2068 vulpe
971 1989 1179 2050 Teumesiaca.
1223 1990 1329 2069 Atque
1351 2013 1418 2052 orn·

236 2091 329 2151 nibus
351 2097 492 2152 veterum
513 2113 575 2153 non
597 2093 696 2154 solum
718 2092 757 2152 de
779 2092 838 2152 hac
860 2113 893 2152 re
919 2092 975 2152 sed
1003 2093 1096 2153 etiam
1119 2092 1157 2153 de
1180 2093 1316 2171 Cephalo
1339 2095 1418 2155 Pro-

239 2192 384 2271 crideque
408 2195 636 2256 narrationibus
660 2195 844 2274 comparatis
868 2194 1080 2273 cognoscimus
1103 2194 1187 2274 Apld
1209 2196 1261 2254 ΠΙ
1286 2198 1334 2274 15,
1354 2199 1418 2276 1,3

239 2303 271 2356 et
292 2295 358 2355 Ant
387 2295 448 2357 Lib
470 2299 510 2356 41
544 2317 712 2376 congruere
742 2297 793 2374 (de
823 2318 859 2359 aa
887 2317 921 2357 re
950 2296 1144 2376 potissimum
1164 2297 1361 2359 Procridem
1376 2301 1418 2360 ad

240 2398 375 2459 Minoem
397 2397 536 2477 fugisse).
588 2399 796 2479 Apollodorus
819 2408 921 2460 autern
943 2400 996 2460 illo
1019 2400 1086 2460 loco
1109 2420 1147 2460 ex
1169 2400 1250 2462 Istro
1273 2402 1418 2464 hausisse

239 2500 411 2578 videtur1).
456 2501 542 2575 Quae
558 2523 627 2564 oum
643 2503 688 2563 ita
703 2503 773 2581 sint,
796 2501 888 2564 facile
904 2502 973 2580 quis
990 2503 1130 2581 coniciet,
1153 2504 1245 2564 etiam
1267 2504 1326 2565 hoc
1348 2507 1418 2566 loco

240 2603 470 2684 Apollodorum,
501 2625 571 2665 oum
596 2605 687 2683 plane
720 2626 788 2666 cum
819 2605 884 2666 Ant
911 2605 970 2664 Lib
1001 2605 1181 2684 consentiat,
1211 2606 1293 2666 idem
1322 2614 1418 2684 atque

241 2706 356 2767 Istrum
387 2727 538 2768 narrasse.
592 2707 677 2780 Quae
704 2707 880 2768 coniectura
910 2707 1107 2768 confirmatur
1128 2709 1204 2786 Hyg
1226 2716 1290 2769 astr
1311 2709 1347 2768 H
1369 2711 1420 2789 35,

239 2809 294 2870 ubi
316 2809 400 2870 Ister
423 2809 515 2871 huius
538 2810 583 2871 rei
605 2811 696 2872 testis
719 2809 848 2871 affertur
870 2813 914 2886 (et
932 2809 965 2868 id
980 2810 1035 2870 ubi
1048 2810 1124 2889 Hyg
1146 2811 1185 2872 ab
1201 2812 1419 2890 Eratosthene,

240 2932 330 2992 quem
352 2912 385 2972 in
407 2919 473 2973 tote
494 2912 600 2974 fabula
622 2914 771 2992 sequitur,
794 2913 973 2991 discrepat).
1022 2913 1134 2991 Itaque
1158 2913 1221 2974 iam
1241 2915 1363 2975 Robert
1385 2915 1418 2975 in
1525 2899 1526 2930 l

241 3016 336 3076 adnot
358 3015 399 3075 ad
420 3015 497 3076 Erat
519 3018 560 3076 33
583 3017 641 3078 hoo
671 3015 898 3076 animadvertit.
943 3014 1020 3076 Cum
1044 3022 1146 3076 autem
1170 3023 1280 3095 cetera,
1304 3017 1343 3077 de
1366 3039 1419 3078 ex-

241 3117 399 3197 peditione
422 3125 454 3179 et
469 3120 507 3179 de
522 3119 586 3179 filia
599 3119 744 3199 Pterelai,
766 3119 820 3180 vix
835 3117 918 3197 apud
932 3118 1049 3178 istrum
1068 3118 1251 3198 exstiterint,
1275 3119 1421 3197 opinetur

242 3220 395 3299 quispiam
416 3220 554 3282 fabulam
577 3222 615 3282 de
635 3223 728 3300 vulpe
750 3221 801 3282 hic
825 3221 864 3282 ab
879 3220 964 3299 Apld
985 3220 1132 3281 insertam
1156 3241 1232 3281 esse.
1276 3221 1337 3282 Sed
1360 3223 1421 3284 hoc
1525 3239 1526 3250 *

186 3313 188 3315 ⁵
241 3322 310 3382 ideo
333 3343 442 3401 parum
463 3324 631 3385 verisimile
654 3333 709 3403 est,
733 3323 815 3402 quod
837 3343 899 3383 non
921 3323 1020 3383 solum
1036 3321 1207 3401 Cephalum
1230 3325 1422 3402 expeditioni

241 3424 420 3487 interfuisse
449 3427 508 3488 hac
537 3425 645 3489 fabula
676 3427 860 3505 declaratur,
893 3425 1073 3487 sedetiam
1103 3425 1280 3506 Creontem,
1311 3426 1422 3488 fabula

241 3528 338 3605 igitur
360 3530 400 3590 ab
422 3537 554 3608 utraque
576 3538 665 3609 parte
688 3530 802 3609 optime
818 3549 888 3589 cum
904 3528 1014 3590 ceteris
1031 3548 1201 3589 connexum
1223 3538 1279 3590 est.
1315 3531 1421 3608 Atque
1525 3583 1526 3606 ,

241 3631 327 3690 illam
348 3633 445 3693 multo
468 3633 672 3695 vetustiorem
695 3653 762 3694 esse
783 3631 1045 3710 Atthidographis
1075 3630 1273 3692 confirmatur
1295 3633 1422 3710 quidem

242 3733 354 3794 Photio
385 3755 401 3795 s
430 3757 451 3797 v
478 3738 579 3812 Tsop„
615 3736 668 3813 qui
698 3729 769 3804 τούς
795 3727 831 3793 vri
859 3729 995 3812 Θηβαικᾶ
1025 3728 1210 3813 γεγραφότας
1240 3739 1284 3812 (et
1315 3731 1423 3796 ἐπικὸν

243 3829 366 3914 κύκλον)
396 3844 494 3900 testes
525 3837 631 3917 affert,
662 3837 782 3899 etiamsi
810 3835 911 3898 Bothe
942 3837 1057 3916 (theton
1088 3838 1154 3896 held
1185 3839 1259 3918 163)
1288 3837 1421 3899 dubitat.

332 3939 381 3999 Ex
402 3938 463 4001 fine
485 3960 557 4002 vero
579 3940 705 4032 fabulae
726 3939 795 4001 fons
817 3939 999 4019 Apollodori
1021 3939 1165 4017 cognosci
1186 3947 1298 4018 potest.
1340 3941 1421 4003 Nam

244 4063 313 4104 curn
334 4044 413 4104 bone
435 4043 661 4122 intellegamus,
685 4063 739 4104 cur
760 4042 889 4103 Heleius
912 4050 944 4104 et
966 4041 1121 4121 Cephalus
1143 4042 1221 4104 socii
1238 4043 1421 4123 Amphitry-

313 4229 338 4296 1)
357 4227 385 4284 of
398 4228 453 4285 vn
471 4233 545 4280 aa„
562 4228 653 4285 xuu
672 4228 737 4294 uu
761 4227 917 4294 naumann,
935 4232 964 4279 a
982 4231 1047 4281 aa
1065 4230 1121 4279 otu
1136 4245 1153 4299 p
1171 4227 1205 4284 or
1222 4245 1285 4298 sqq
1307 4228 1422 4300 repra,

243 4325 279 4364 au
301 4333 345 4376 ooo
368 4314 426 4370 258.
452 4345 484 4354 -
510 4315 573 4384 Hyg
596 4314 609 4369 f
625 4315 681 4380 189,
703 4314 748 4383 qui
766 4331 797 4370 ex
813 4313 864 4369 hac
880 4313 1031 4370 narratione
1049 4313 1156 4370 Cretum
1173 4313 1295 4380 sanavit,
1320 4331 1365 4369 eas
1383 4314 1422 4370 fo·

243 4399 624 4542 pplllppsquqtppappmpilssse,
642 4417 707 4470 quas
724 4399 834 4458 Ovidius
853 4400 920 4469 (met
932 4397 984 4454 VH
1002 4399 1053 4456 697
1069 4402 1128 4470 sqq)
1146 4402 1174 4454 et
1191 4399 1340 4455 mannus
1358 4403 1421 4455 unte
1525 4451 1526 4469 ,
