3062 5070
585 317 796 380 -31-

103 492 199 554 verba
221 491 366 554 restituta
389 511 465 571 esse,
488 513 673 570 quamquam
696 512 752 552 cur
774 489 896 551 omnino
925 491 978 551 sol
1001 492 1083 554 adsit
1104 510 1166 550 non
1189 488 1281 551 facile

103 595 295 674 intelligitur,
319 595 568 673 quandoquidem
590 595 709 656 Nereus
739 595 882 673 poculum
911 594 1016 656 tradit.
1069 593 1131 655 Sed
1158 593 1220 655 iam
1249 595 1281 654 in

103 699 158 758 hac
192 719 228 760 re
256 697 454 776 Pherecydes
489 717 558 758 cnm
587 698 654 758 Pan
686 717 747 757 non
781 695 951 776 consentit,
984 697 1012 757 si
1045 697 1169 775 quidem
1199 698 1282 758 Pher

104 799 310 878 fragmentum
352 799 398 877 (cf
437 798 530 877 infra)
568 807 652 861 recte
689 799 734 860 ita
769 799 991 878 interpretatus
1027 820 1110 879 sum,
1149 809 1185 862 ut
1220 821 1281 862 non

104 903 153 962 Sol
186 902 243 964 sed
276 903 418 966 Oceanus
455 903 579 984 sagittis
615 910 748 982 petatur.
792 902 959 962 Praeterea
992 921 1065 964 vero
1099 903 1182 982 apud
1214 905 1281 964 Pan

106 1005 225 1066 Nereus
244 1008 388 1086 poculum
411 1009 479 1087 dat,
503 1005 586 1086 apud
613 1005 701 1065 illum
723 1005 776 1065 Sol
806 1004 880 1084 ipse.
931 1004 1010 1065 Nam
1039 1005 1122 1083 quod
1143 1006 1283 1084 Wagner

103 1129 121 1186 p
140 1109 201 1168 156
217 1109 276 1170 hoc
299 1110 366 1171 sine
388 1117 542 1171 momento
564 1129 632 1170 esse
655 1114 768 1185 censet,
791 1107 899 1168 eodem
920 1107 987 1168 iure
1003 1107 1105 1169 dicere
1119 1108 1281 1188 possimus,

102 1211 221 1273 Pherec
244 1233 282 1272 ex
303 1212 457 1288 Pisandro
487 1211 529 1289 (fr
549 1214 582 1290 5)
606 1210 758 1290 pendere,
787 1203 943 1269 ‘dornrnodo
967 1213 1046 1270 Solis
1066 1215 1146 1270 r'orru
1168 1213 1221 1270 hoc
1243 1213 1281 1271 ct

105 1316 216 1373 Oceano
236 1318 347 1391 lachem
370 1336 431 1376 erre
451 1309 636 1389 stuteaeomor',
660 1334 730 1375 cum
750 1333 784 1373 re
806 1333 881 1375 vera
894 1313 1045 1374 Pisander
1067 1321 1099 1374 et
1113 1314 1281 1392 Panysssis

41 1441 47 1458 ·
104 1435 136 1476 eo
159 1418 336 1496 concinunt,
359 1417 442 1495 quod
464 1417 557 1478 maris
579 1418 656 1477 deus
677 1417 807 1478 Herculi
828 1415 982 1497 propitius
1004 1424 1060 1495 est,
1094 1416 1177 1496 apud
1198 1417 1282 1476 Pher

33 1525 35 1532 “
104 1517 245 1580 inimicus
260 1520 295 1596 ¹).

186 1624 330 1699 Denique
361 1630 499 1702 apertam
521 1622 760 1701 discrepantiam
782 1623 932 1683 habemus
961 1619 991 1681 fr
1015 1623 1061 1684 10.
1114 1621 1193 1682 Nam
1214 1622 1281 1683 Pan

104 1726 264 1787 draconem
286 1724 568 1804 Hesperidum
598 1725 700 1786 mala
731 1725 956 1785 custodientem
986 1724 1026 1785 ab
1048 1724 1184 1786 Hercule
1213 1724 1281 1804 ipso

104 1828 236 1888 occisum
259 1847 326 1892 esse
347 1835 536 1890 narraverat.
579 1827 674 1907 Apud
694 1827 778 1888 Pher
799 1835 906 1888 contra
927 1825 970 1905 (fr
991 1827 1044 1904 33)
1066 1827 1170 1906 Atlas,
1194 1827 1281 1888 ouius

104 1950 226 2007 operam
249 1931 327 1991 caeli
348 1931 475 1992 tenendi
497 1939 560 1992 tam
583 1931 637 1991 diu
658 1931 755 2009 subit,
787 1931 815 1991 ei
836 1932 917 1992 mala
939 1936 1099 2010 apportat,
1128 1929 1280 1990 Hercules

104 2031 198 2108 igitur
219 2053 258 2093 ne
280 2033 313 2093 in
336 2041 535 2112 conspectum
557 2033 681 2110 quidem
703 2033 790 2095 venit
811 2033 973 2112 serpentis.

185 2274 357 2350 Postquam
377 2274 475 2352 igitur
496 2272 671 2334 fabularum
693 2272 734 2333 ad
755 2273 922 2334 Herculem
943 2271 1165 2351 pertinentium
1195 2272 1280 2330 nulla

105 2377 212 2455 evenit,
236 2377 275 2436 de
297 2397 359 2454 qua
380 2377 447 2438 Pan
470 2385 501 2437 et
522 2376 606 2436 Pher
629 2376 840 2454 consentiunt,
862 2375 945 2436 idem
968 2375 1006 2435 de
1028 2375 1091 2435 illis
1114 2374 1279 2435 dicendum
1368 2359 1370 2362 ¹

106 2485 158 2558 est,
180 2500 259 2557 quae
282 2480 314 2539 in
336 2479 475 2559 parergis
499 2486 781 2540 commemorantur.

188 2582 295 2644 Veluti
319 2603 357 2642 ex
379 2581 408 2642 fr
433 2584 470 2643 19
495 2582 698 2660 comperimus
721 2581 803 2660 apud
831 2582 899 2642 Pan
921 2580 1217 2658 Aesculapium
1240 2582 1278 2641 ob

106 2703 170 2744 eam
192 2704 317 2746 causam
338 2685 423 2746 Iovis
446 2684 570 2762 fulgure
600 2683 696 2744 ictum
727 2704 812 2762 esse,
844 2683 926 2760 quod
949 2683 1146 2761 Tyndareum
1177 2703 1278 2744 resus-

108 2787 255 2867 citaverit,
289 2808 358 2849 cum
378 2788 462 2848 Pher
484 2807 552 2848 eam
574 2806 698 2847 oausam
719 2787 828 2848 mortis
851 2784 967 2864 afferat,
984 2786 1066 2863 quod
1081 2767 1133 2846 ille
1148 2785 1279 2864 Delphis

107 2898 238 2951 mortuos
261 2891 293 2949 in
315 2890 411 2951 vitam
433 2889 643 2951 revocaverit:
664 2888 695 2948 fr
716 2891 736 2950 8
759 2898 790 2950 et
813 2891 861 2949 76.

185 2993 308 3054 Deinde
330 2993 397 3054 Pan
420 2991 461 3069 (fr
477 2990 509 3074 5)
531 2992 683 3054 Bacchi
705 2991 909 3052 nutricem
924 2991 1085 3069 Thyonam
1100 2990 1278 3052 nominavit.

106 3093 163 3155 Sed
187 3096 273 3156 Pher
302 3103 428 3156 auctore
457 3095 595 3156 nutrices
626 3103 699 3156 sunt
729 3094 859 3173 Hyades
890 3093 931 3170 (fr
953 3095 1014 3172 46),
1031 3113 1123 3178 ¹quas
1155 3093 1279 3154 easdem

107 3218 170 3259 esse
193 3220 229 3261 ac
251 3198 404 3277 nymphas
426 3197 615 3277 Dodonides,
652 3198 734 3259 inter
756 3219 832 3275 quas
856 3197 915 3258 etsi
937 3197 1037 3257 Dione
1059 3217 1121 3256 una
1142 3202 1278 3274 vocatur,

106 3303 156 3361 sed
179 3302 308 3380 rl'hyone
330 3300 467 3378 deest2).

187 3405 278 3478 Quod
308 3411 374 3464 tum
403 3404 471 3463 Pan
507 3402 548 3478 (fr
577 3406 630 3481 24)
663 3403 961 3482 Triptolemum
993 3399 1149 3461 Eleusinis
1181 3399 1279 3460 filium

106 3526 170 3569 esse
193 3507 286 3584 dicit,
309 3506 368 3567 hac
390 3527 512 3584 quoque
533 3507 566 3566 in
588 3527 622 3567 re
645 3528 663 3566 a
685 3506 768 3566 Pher
791 3505 955 3584 discrepat,
978 3504 1031 3581 qui
1054 3502 1140 3564 Oceli
1162 3509 1194 3564 et
1208 3503 1278 3563 Tel-

105 3609 177 3670 luris
199 3609 297 3670 filium
319 3629 388 3669 eum
410 3617 517 3670 vocat:
540 3609 570 3668 fr
594 3611 641 3670 12.

186 3713 280 3775 Porro
304 3711 387 3791 apud
408 3712 476 3771 Pan
500 3711 554 3794 (=
575 3712 660 3773 Prob
682 3711 722 3772 ad
745 3711 831 3788 Verg
854 3712 901 3771 ecl
923 3712 951 3789 2,
968 3712 1020 3786 24)
1034 3709 1062 3786 ³)
1084 3709 1176 3788 lyra
1189 3709 1278 3769 Am·

105 3815 251 3892 phioni
274 3813 396 3875 datur
418 3834 436 3873 a
457 3815 620 3894 Mercurio,
644 3815 726 3894 apud
748 3814 831 3874 Pher
853 3811 894 3890 (fr
919 3814 978 3872 102
992 3816 1021 3885 a)
1045 3833 1063 3872 a
1084 3812 1190 3872 Musis.

187 3982 212 4049 1)
230 3982 287 4036 Iam
304 3985 378 4038 recte
395 3982 446 4038 hoe
464 3981 567 4038 dixerat
584 3982 607 4038 0
624 3983 737 4038 Mueller
755 3987 807 4033 Dor
823 3979 871 4035 11²
888 3980 947 4036 452.

186 4067 212 4136 2)
231 4066 309 4134 Quod
327 4067 463 4138 Thyonam
480 4067 552 4138 apud
576 4067 639 4138 Hyg
656 4071 712 4122 astr
728 4067 757 4122 11
774 4067 815 4132 21,
840 4065 887 4123 uhi
904 4066 1012 4122 nomine
1029 4065 1135 4121 omnino
1154 4067 1278 4135 corrupta

105 4156 169 4219 runt
187 4153 318 4208 exstitisse
335 4155 464 4224 putarunt
481 4153 608 4208 staveren
626 4153 713 4208 Bunte
732 4152 753 4208 O
770 4151 890 4211 Mueller,
907 4154 981 4206 recte
999 4168 1030 4206 ex
1048 4150 1132 4205 uehi
1150 4150 1278 4207 lluncker

106 4243 131 4294 et
146 4239 248 4296 Robert
266 4238 341 4306 (Erat
358 4243 402 4294 cat
419 4255 437 4309 p
451 4239 493 4309 15)
509 4235 611 4293 'Dione’
629 4238 818 4303 restituerunt;
834 4253 921 4306 neque
939 4236 1107 4301 contrarium,
1124 4235 1277 4291 11111111-

105 4341 166 4380 naer
181 4326 274 4394 voluit,
290 4325 361 4380 licet

186 4411 213 4474 3)
230 4409 254 4466 fr
275 4427 308 4481 ap
320 4409 355 4465 lli
373 4411 499 4466 omissum
518 4412 566 4476 est,
584 4425 743 4480 quamquam
760 4409 814 4464 iam
832 4408 903 4479 apud
920 4407 1092 4464 Duebnerum
1105 4411 1191 4463 exsut
1202 4407 1226 4462 fr
1239 4408 1277 4462 15.
