3062 5070
709 288 923 348 -30-

228 467 280 519 tur
302 458 511 521 admiscuisse.
554 459 633 520 Nam
664 458 801 520 fabulam
831 459 869 519 de
892 458 1022 519 Thrasio
1053 465 1125 520 vate
1158 480 1197 520 ex
1219 459 1432 521 Callimacho

229 569 382 641 sumptam
412 581 479 622 esse
512 561 540 620 G
570 560 704 622 Knaaelr
732 562 765 620 in
796 562 996 621 Callimachus
1026 581 1047 640 p
1071 563 1091 620 7
1113 581 1172 639 sqq
1203 563 1434 642 probabiliter
1513 587 1514 590 ¹

230 663 500 741 demonstravit1).
525 664 621 724 Porro
645 665 684 725 ob
708 685 775 724 eam
797 685 930 743 eausam,
953 664 1036 741 quod
1058 663 1151 743 Aple,
1173 686 1194 743 p
1217 668 1259 726 64
1288 667 1433 726 13-19

230 773 260 826 et
276 767 324 844 65,
342 767 467 826 12-18
481 766 530 826 Hr
540 766 570 844 ²)
592 766 730 845 inseruit,
753 766 831 827 fides
854 767 920 827 eius
943 766 1037 826 etiam
1059 767 1091 825 in
1105 767 1263 830 Busiridis
1281 769 1435 829 historia

228 868 383 930 minuitur.
426 867 558 929 Accedit
580 869 662 946 quod
684 869 716 928 in
740 869 796 930 sch
818 869 910 948 Apu,
934 869 1017 946 quod
1038 869 1166 948 propius
1189 891 1209 930 a
1227 872 1435 950 Pherecyde

198 1033 200 1038 ,
229 971 339 1032 abesse
353 969 484 1049 videtur,
508 970 641 1032 Ohalbes
664 992 776 1051 praeco
792 979 903 1050 exstat,
926 971 979 1048 qui
995 972 1079 1050 apud
1093 971 1231 1052 Apollod
1247 975 1435 1034 omittitur.

229 1073 369 1150 Denique
391 1073 442 1134 hic
465 1072 504 1133 de
525 1073 733 1134 immolatione
754 1074 900 1134 Herculis
930 1056 1123 1135 instituenda
1152 1075 1231 1134 nihil
1257 1083 1434 1136 narratur.

229 1177 341 1253 Itaque
364 1196 437 1235 num
459 1176 518 1236 hoo
541 1177 624 1254 apud
645 1178 858 1256 Pherecydem
879 1176 1029 1238 traditum
1051 1177 1146 1238 fuerit
1169 1177 1288 1240 dubito.

314 1278 374 1338 Sed
397 1278 457 1338 alia
480 1299 518 1338 ex
539 1287 628 1357 parte
653 1301 761 1358 pamm
775 1281 937 1359 probabile
952 1288 1008 1358 est,
1032 1280 1253 1341 Herodotuml
1270 1303 1286 1343 c
1305 1289 1434 1342 contra

229 1381 452 1460 Panyassidem
482 1384 667 1443 avunculum
696 1382 821 1444 dixisse.
872 1382 949 1444 Oum
978 1383 1076 1461 igitur
1104 1383 1265 1460 Herodoto
1298 1384 1431 1445 omisso

229 1484 432 1562 Panyassidis
454 1483 661 1562 fragmentum
682 1485 852 1563 intuemur,
884 1485 960 1562 quid
981 1485 1046 1546 liba
1069 1493 1101 1546 et
1122 1486 1200 1564 pulli
1221 1486 1254 1545 in
1276 1487 1432 1548 hominis

230 1587 415 1647 mactatione
448 1587 509 1647 sibi
541 1588 647 1665 velint,
679 1607 741 1647 non
774 1589 852 1648 bene
884 1586 1001 1666 fingere
1034 1588 1123 1649 nobis
1154 1608 1346 1667 possumus,
1392 1595 1431 1648 ut

231 1689 257 1748 0
278 1689 409 1749 Mueller
430 1689 556 1750 videtur
578 1689 739 1767 cogitasse.
776 1690 919 1752 ‚Facilius
942 1690 1028 1752 credi
1048 1697 1162 1769 potest,
1184 1691 1431 1769 Panyassidem

230 1792 324 1852 hocce
347 1790 412 1852 fere
434 1793 524 1852 modo
547 1812 613 1853 rem
634 1813 792 1853 narrasse:
814 1793 966 1855 Hercules
981 1793 1127 1853 Busiride
1142 1791 1309 1854 interfecto
1328 1793 1428 1854 Iovis

231 1915 314 1954 aram
336 1895 493 1956 hominum
515 1915 623 1956 eruore
645 1897 829 1956 maculatam
850 1896 945 1957 licitis
967 1896 1093 1956 tandem
1116 1896 1213 1956 sacris
1235 1893 1334 1958 factis
1371 1915 1427 1956 sa-

233 1997 345 2075 cravit;
368 2018 429 2074 qua
450 1997 483 2057 in
504 2017 538 2057 re
559 1997 728 2058 libamenta
748 1997 803 2058 illa
824 1999 857 2058 in
879 2018 938 2058 usu
959 1997 1057 2059 fuisse
1078 2005 1216 2076 possunt.

317 2100 516 2178 Quocumque
537 2100 627 2161 modo
649 2121 700 2162 res
722 2101 881 2179 sehabet,
904 2101 998 2160 etiam
1018 2099 1081 2160 illis
1104 2100 1259 2160 concessis
1282 2100 1323 2160 de
1348 2098 1426 2178 qui-

232 2203 291 2262 bus
314 2203 468 2264 dubitatio
492 2203 583 2264 datur
612 2223 712 2281 neque
740 2217 778 2263 ex
799 2203 1000 2281 Panyassidis
1013 2222 1128 2280 neque
1158 2222 1196 2262 ex
1218 2201 1425 2281 Pherecydis

231 2303 405 2382 fragmento
428 2304 596 2384 quidquam
618 2305 688 2366 elici
717 2313 837 2384 potest,
867 2306 928 2366 nisi
948 2305 1124 2366 Busiridem
1154 2305 1294 2384 hospites
1327 2303 1425 2384 apud

233 2407 284 2467 dei
306 2428 390 2468 aram
412 2408 606 2470 interfecisse
629 2417 722 2486 atque
744 2409 835 2469 huius
857 2409 983 2492 sceleris
1013 2428 1143 2487 poenam
1165 2407 1297 2467 dedisse.
1344 2407 1423 2466 Hoc

233 2515 336 2570 autem
364 2510 489 2571 fabulae
519 2511 565 2572 ita
596 2519 644 2572 est
673 2531 846 2590 commune,
878 2518 913 2570 ut
944 2511 983 2571 de
1004 2509 1185 2588 Pherecyde
1207 2509 1422 2588 Panyassidis

234 2613 368 2675 carmine
390 2634 446 2674 uso
469 2633 507 2673 ex
528 2613 587 2674 hac
610 2613 733 2691 quidem
754 2613 861 2674 fabula
882 2613 960 2673 nihil
982 2613 1125 2674 concludi
1146 2612 1255 2690 possit.

319 2716 442 2776 Deinde
463 2715 542 2776 nihil
564 2717 603 2777 ad
625 2737 690 2777 rem
712 2717 775 2776 dici
796 2723 909 2796 posset,
932 2716 960 2777 si
981 2715 1010 2776 fr
1034 2718 1052 2776 6
1074 2716 1246 2793 legeretur,
1268 2714 1421 2792 Augeam

233 2819 344 2880 Eleum
366 2820 405 2879 ab
427 2819 563 2880 Hercule
585 2819 709 2898 sagittis
731 2819 863 2899 petitum
885 2839 961 2880 esse.
995 2818 1056 2878 Sed
1078 2818 1164 2879 locus
1185 2817 1231 2877 ita
1254 2837 1419 2895 compara-

233 2930 286 2982 tus
310 2928 372 3001 est,
402 2929 437 2982 ut
468 2921 518 2982 dei
539 2943 650 2983 nomen
671 2923 861 3001 postuletur;
894 2921 976 2999 quod
1006 2927 1108 2980 autem
1138 2919 1306 2980 scholiasta
1337 2920 1382 2979 ad
1407 2919 1419 2977 l

232 3025 342 3085 Eleum
363 3025 505 3104 Augeam
527 3025 618 3086 deum
640 3045 708 3086 esse
730 3025 822 3104 dicit,
852 3024 885 3083 id
908 3044 946 3084 ex
972 3025 1040 3085 loeo
1068 3023 1136 3101 ipso
1166 3023 1311 3082 haustum
1342 3041 1419 3084 esse

234 3148 351 3189 censeo.
396 3127 508 3204 Itaque
530 3129 639 3206 Heyne
662 3127 905 3206 (adApldH5,
923 3129 970 3205 10,
989 3129 1020 3203 5)
1043 3134 1074 3186 et
1089 3125 1196 3203 Bergk
1218 3124 1314 3202 (PLG
1328 3125 1415 3186 111⁴

233 3253 253 3310 p
276 3232 350 3308 208)
373 3237 405 3291 et
426 3229 635 3291 Wilamowitz
658 3230 792 3291 Solem
813 3230 915 3309 ipsum
938 3230 983 3290 ab
1005 3228 1188 3290 Hercule
1210 3228 1417 3289 vulnera·

233 3341 316 3394 tum
339 3353 407 3395 esse
430 3333 627 3394 coniecerunt
638 3334 675 3410 ³).
718 3333 835 3411 Heynii
857 3333 1064 3394 coniecturam
1086 3337 1211 3391 secutus
1234 3329 1270 3390 G.
1293 3329 1417 3390 Kinkel

233 3444 361 3516 propter
390 3436 476 3515 Apld
504 3436 538 3495 H
561 3437 588 3514 5,
614 3438 703 3515 10,5
734 3435 805 3497 fre
834 3439 943 3498 oum?
974 3433 1149 3510 coniunxit,
1178 3433 1223 3492 ita
1253 3440 1288 3492 ut
1318 3432 1417 3493 etiam

235 3537 264 3598 fr
293 3540 312 3598 6
343 3538 383 3598 ad
413 3540 579 3599 Herculem
608 3547 715 3600 eontra
744 3539 918 3618 Geryonem
947 3535 1121 3617 profectum
1149 3533 1317 3612 referatur,
1351 3555 1416 3612 qua

236 3640 396 3701 occasione
414 3640 488 3701 data
503 3643 653 3703 Hercules
676 3642 708 3702 in
723 3642 826 3702 Solem
848 3662 952 3703 arcum
973 3639 1082 3700 tendat
1103 3645 1136 3698 et
1157 3638 1190 3697 in
1211 3637 1322 3716 poculo
1345 3637 1415 3698 eius

237 3742 392 3803 Oceanum
407 3750 554 3806 transeat.
576 3745 681 3822 Atque
697 3744 926 3806 concedendum
941 3750 996 3821 est,
1011 3742 1070 3802 hoc
1085 3741 1176 3801 modo
1191 3739 1415 3802 verisimillime

323 3949 349 4010 l)
367 3947 395 4003 ef
409 3947 496 4002 Hiller
512 3965 535 4004 v.
553 3947 729 4020 Gaertringen
746 3948 775 4003 iu
788 3951 866 4012 philol
881 3948 1063 4006 memorerm
1081 3942 1154 4010 1887,
1172 3943 1238 3998 1321
1256 3957 1296 4011 sq.

322 4033 351 4104 2)
369 4033 427 4089 Hoc
445 4036 517 4088 certo
536 4050 567 4088 ex
585 4034 637 4090 alio
655 4033 738 4100 fonte,
756 4033 832 4089 aetii·
847 4033 956 4100 seilicet,
969 4031 1073 4086 fluxisse
1086 4029 1197 4084 videtur.
1220 4028 1259 4082 lh
1270 4027 1413 4097 Apollonio

237 4117 340 4190 (Ῥόδου
359 4122 451 4182 κτίσις)
468 4121 549 4190 putat
566 4119 676 4176 Knaaok
693 4123 767 4172 Herm
785 4119 877 4175 XXIII
894 4137 913 4188 p
932 4117 990 4173 141.

323 4205 349 4274 3)
368 4205 455 4276 Atque
467 4205 561 4276 Heyne
578 4205 685 4276 scripsit
702 4204 744 4260 τὸν
755 4201 848 4261 ’Ἥλιον
867 4203 952 4266 αὐτᾶν,
971 4203 1059 4273 Bergk
1072 4200 1114 4255 τὸν
1125 4196 1175 4254 Ἥ.
1196 4199 1243 4253 ὑπὸ
1262 4202 1305 4252 τοῦ
1325 4194 1413 4253 αὐτοῦ.

237 4290 293 4346 wil
308 4293 393 4362 putat
419 4308 478 4346 cum
489 4285 581 4344 Ἥλιον
598 4292 627 4345 in
642 4287 743 4345 Ἠλεῖον
761 4294 913 4363 corruptum
931 4292 1016 4349 esset,
1042 4306 1059 4343 a
1085 4286 1171 4342 scriba
1188 4284 1302 4357 quodem
1320 4284 1413 4340 Eleum

238 4376 278 4432 illi
295 4379 395 4444 uotum,
412 4377 540 4448 Argeum,
557 4375 695 4432 inductum
713 4394 786 4444 esss;
801 4378 893 4446 itaque
911 4375 990 4432 scribi
1007 4375 1065 4429 vult
1082 4373 1124 4428 τὸν
1135 4368 1228 4428 Ἥλιον
1246 4370 1378 4443 [Adrisit
