3062 5070
592 368 800 427 .-55-

190 535 209 594 I
230 535 313 614 apud
335 535 544 597 Herodorum:
567 537 687 600 Msstor

535 625 716 788 Hipphthoe
737 746 779 754 -
800 709 963 790 Neptunus

688 881 851 943 Pterelaus

589 965 764 1113 Teleboas.¹
791 1053 929 1132 Taphius
993 1013 995 1017 Ι

189 1151 225 1210 Π
248 1153 332 1231 apud
353 1153 438 1232 Apld
459 1153 502 1232 H,
523 1155 552 1233 4,
576 1157 604 1232 6,
626 1154 682 1215 sch
703 1154 796 1236 Apln,
818 1157 875 1218 sch
897 1158 939 1236 T.²

515 1258 635 1318 Mestor

370 1433 373 1440 '
483 1427 664 1508 Hippothoe
687 1465 729 1476 -
751 1431 914 1492 Pterelaus

687 1514 745 1662 A

186 1701 239 1760 ΙΠ
262 1701 345 1781 apud
366 1700 644 1765 Anaximandrum:
668 1704 833 1784 Neptunus

670 1876 821 1938 Teleboas

654 1963 840 2126 (Pterlslaus)
911 2083 912 2087 ,

103 2169 231 2226 quorum
247 2150 378 2210 alterum
395 2158 427 2212 et
441 2150 567 2212 tertium
582 2151 720 2230 quolibet
734 2151 825 2212 modo
843 2149 1036 2212 concilianda
1051 2149 1185 2212 fortasse
1200 2156 1281 2210 sunt.

189 2268 307 2342 Quodsi
330 2269 399 2348 quis
421 2291 528 2331 eruere
550 2271 635 2351 velit,
657 2270 739 2332 unde
761 2269 846 2349 Apld
868 2291 925 2332 sua
946 2275 1110 2331 stemmata
1132 2269 1186 2349 (Π,
1200 2271 1229 2347 4,
1245 2270 1277 2346 5)

102 2372 249 2452 hauserit,
281 2372 467 2452 desperabit,
501 2393 570 2434 cum
598 2373 701 2453 ipsum
731 2381 796 2435 tres
828 2379 979 2452 auctores,
1011 2371 1186 2433 nominibus
1216 2392 1277 2432 non

102 2473 203 2554 dictis,
234 2476 274 2536 de
302 2477 538 2556 Amphitryonis
569 2483 668 2538 matre
697 2476 877 2538 afferentem
907 2475 1029 2538 viderit.
1072 2474 1177 2552 Atque
1208 2494 1277 2535 cum

102 2577 162 2637 alia
184 2579 222 2638 de
244 2579 303 2641 hac
324 2600 358 2640 re
372 2579 549 2640 testimonia
562 2580 796 2659 comparaverit,
819 2579 921 2640 omnia
935 2578 1085 2640 fluctuare
1101 2585 1276 2658 cognoscet,

101 2687 135 2740 ut
162 2701 258 2761 saepe
287 2682 335 2762 fit,
365 2682 480 2744 ubido
507 2683 634 2745 heroum
661 2683 813 2745 matribus
840 2683 950 2761 agitur.
1002 2680 1041 2741 Id
1070 2689 1192 2742 tantum
1215 2681 1277 2742 dici

99 2791 213 2863 posset,
244 2784 408 2864 Nioippam
429 2787 556 2866 Pelopis
578 2785 673 2846 filiam
696 2786 896 2864 Sthenelique
923 2805 1049 2846 uxorem
1078 2785 1172 2845 etiam
1194 2785 1277 2863 apud

99 2886 271 2947 Hesiodum
294 2887 335 2965 (fr
359 2891 420 2956 120
441 2889 499 2966 Ra)
523 2910 598 2969 esse,
621 2889 649 2952 si
671 2890 728 2951 soh
750 2890 775 2968 Τ
796 2889 836 2950 ad
864 2892 891 2948 Τ
910 2891 970 2949 116
993 2887 1070 2951 fides
1093 2895 1191 2950 esset:
1221 2888 1276 2948 sed

99 2990 154 3050 sch
176 2991 206 3050 A
228 2990 269 3050 ad
294 2991 306 3050 l
328 3012 345 3053 c
367 2993 406 3053 ab
428 2992 566 3055 Hesiodo
588 2993 749 3055 Antihiam
771 2991 1041 3072 Amphidamantis
1063 2990 1159 3051 filiam
1180 2990 1276 3051 nomi-

98 3099 203 3153 natam
226 3112 294 3154 esse
315 3095 458 3157 traditur.
510 3097 657 3159 Fortasse
686 3096 781 3158 etiam
802 3095 956 3157 Herodori
984 3093 1166 3173 genealogia
1195 3114 1275 3155 com-

97 3195 222 3274 pilando
238 3196 403 3258 obscurata
426 3206 482 3260 est.
526 3200 588 3261 Sed
611 3199 688 3262 certi
706 3199 785 3260 nihil
806 3197 938 3278 proferri
959 3203 1064 3276 potest
1084 3195 1146 3257 nisi
1161 3196 1275 3256 Phere-

97 3297 214 3377 cydem,
238 3307 387 3376 quantum
409 3299 558 3379 videmus,
584 3299 701 3363 fontem
723 3321 785 3362 non
806 3300 912 3380 fuisse,
935 3299 1049 3378 quippe
1072 3299 1126 3377 qui
1148 3298 1275 3359 eandem

97 3397 242 3460 feminam
258 3401 458 3481 Amphibiam
473 3403 598 3482 Pelopis
617 3403 712 3464 filiam
728 3404 841 3465 dixerit
862 3403 893 3464 fr
907 3405 946 3464 31
970 3431 1013 3456 =
1033 3402 1090 3464 sch
1103 3402 1133 3461 A
1155 3401 1195 3462 ad
1216 3403 1228 3460 l
1251 3422 1275 3462 c.

182 3520 291 3599 Neque
324 3523 363 3583 de
394 3522 480 3584 fonte
513 3523 662 3586 historiae
692 3524 850 3602 sequentis
880 3522 1050 3602 quidquam
1083 3523 1276 3602 exploratum

97 3624 204 3684 habeo.
259 3625 339 3686 Nam
369 3626 538 3705 compluria
569 3628 661 3706 plane
692 3626 861 3704 singularia
893 3634 974 3688 sunt.
1024 3625 1162 3685 Primum
1193 3625 1275 3686 enim

96 3725 176 3789 filios
198 3728 335 3788 Pterelai
357 3734 389 3789 et
410 3729 606 3808 Electryonis
635 3729 767 3792 invicem
798 3749 832 3790 se
861 3728 1034 3790 interficere
1067 3728 1192 3789 aliunde
1213 3749 1274 3789 non

95 3830 224 3891 scimus:
258 3831 341 3909 apud
362 3831 584 3912 Pherecydem,
614 3831 818 3912 Herodorum,
847 3832 932 3910 Apln
954 3838 1057 3892 autem
1079 3831 1275 3909 Electryonis

96 3933 175 3994 filios
199 3934 239 3995 ab
261 3933 324 3995 illis
347 3941 473 3996 necatos
495 3955 564 3996 esse
587 3935 709 3996 dicitur.
760 3934 932 4013 Praecipue
959 3940 1063 3994 autem
1089 3933 1123 3993 id
1144 3954 1206 3994 non
1227 3934 1273 3994 in-

95 4035 279 4114 telligimus,
309 4037 441 4097 Euerem
462 4039 590 4101 servari.
634 4038 713 4099 Nam
735 4044 958 4116 exspectamus,
987 4037 1075 4098 illum
1096 4036 1195 4097 serius
1218 4037 1273 4097 ali-

97 4138 171 4214 quid
193 4136 348 4199 faoturum
370 4159 451 4220 esse,
477 4148 513 4202 ut
534 4141 714 4220 Licymnius
737 4138 821 4218 facit,
851 4139 907 4201 sed
929 4139 1007 4200 nihil
1030 4139 1068 4200 de
1092 4158 1126 4199 eo
1150 4138 1272 4200 scimus.

96 4241 220 4301 Deinde
242 4242 338 4303 bores
360 4242 444 4321 apud
465 4244 658 4322 Polyxenum
680 4242 838 4322 depositos
863 4261 932 4303 esse
954 4242 1005 4303 hio
1027 4248 1147 4302 tantum
1169 4264 1273 4304 narra·

95 4352 155 4422 tur,
177 4363 278 4421 neque
299 4344 361 4405 iam
383 4347 601 4426 Electryonem
632 4345 858 4424 expeditionem
890 4344 1047 4424 suscipere
1069 4345 1205 4407 voluisse
1235 4367 1274 4406 ex

99 4447 159 4509 alio
182 4455 308 4510 auctore
330 4448 480 4510 audimus.
531 4449 565 4510 Si
594 4448 726 4526 denique
755 4448 824 4527 quis
853 4447 887 4508 id
916 4468 1055 4527 premere
1076 4447 1161 4528 velit,
1191 4448 1274 4527 quod
