3062 5070
709 282 901 340 -8-

214 455 362 517 sumenda
392 454 434 516 sit
463 460 496 514 et
524 453 569 514 ita
597 451 662 514 fere
690 452 787 514 verba
815 450 999 514 scribenda:
1022 444 1133 530 ’Ἀργον
1157 444 1210 509 τόν
1232 443 1417 524 πανόπτην,

215 554 250 616 δν
267 551 488 634 Ἀσκληπιάδης
511 553 563 632 μέν
581 552 757 634 Ἀρέστορος
778 551 862 634 λέγει,
888 547 1059 633 Φερεκύδης
1082 549 1114 612 δέ
1136 547 1333 636 (Ἀρέστορος
1349 548 1417 610 καὶ

215 656 366 735 Μυκήνης
387 655 451 742 τῆς)
467 653 600 736 Ἰνάχου.
645 658 684 719 of.
706 659 763 719 soh
785 657 804 736 β
828 659 890 718 120
910 659 993 718 Paua
1015 657 1050 716 H
1074 658 1121 734 16,
1144 658 1173 716 4.

214 763 251 823 fr
290 764 338 821 22
381 764 425 838 (2)
455 789 498 814 ==
527 763 584 824 soh
615 763 680 822 Eur
708 762 816 822 Phoen
849 763 946 821 1116:
987 751 1004 820 δ
1043 755 1097 835 μέν
1135 751 1192 839 γάρ
1224 752 1419 837 Φερεκύδης

215 862 308 942 φησὶν
338 858 431 925 αὐτόν
459 862 508 926 ἐπὶ
538 867 592 923 τοῦ
625 863 702 924 ἰνίου
726 910 732 923 .
756 909 762 922 .
786 909 793 922 .
820 861 972 944 θυγατέρα
994 863 1168 924 delendum.
1211 863 1310 922 Porro
1327 862 1417 938 lege

207 963 410 1048 'Eorvdatlu
425 961 513 1046 Ἥρη,
537 965 644 1051 έφιστᾷ
666 967 737 1044 (hoo
759 967 939 1046 Schwartz).

215 1072 259 1131 fr.
285 1073 344 1131 24.
387 1069 556 1131 Scholia
588 1070 635 1130 ad
663 1069 887 1148 Odysseam
917 1055 1221 1148 vulgata,'quae
1243 1067 1415 1146 dicuntur,

216 1176 255 1234 ab
278 1173 449 1234 editoribus
472 1193 510 1233 ex
538 1172 607 1233 edd.
632 1171 767 1249 antiquis
782 1171 965 1250 deprompta
979 1178 1060 1250 sunt,
1084 1171 1177 1232 etiam
1193 1191 1212 1231 a
1226 1170 1413 1248 Dindorfi0,

216 1277 269 1354 qui
304 1284 371 1336 tum
400 1276 538 1353 demum,
572 1295 641 1335 cum
673 1274 895 1354 praefationem
926 1275 1091 1353 scriberet,
1125 1295 1163 1334 ex
1197 1273 1264 1334 cod.
1301 1272 1412 1332 Oxon.

215 1380 266 1440 vel
294 1379 386 1457 plane
415 1377 538 1456 gemino
567 1398 605 1438 ea
634 1377 760 1438 fluxisse
791 1377 1019 1439 animadvertit.
1064 1378 1126 1438 Sed
1156 1376 1250 1438 etiam
1272 1376 1306 1436 in
1329 1376 1411 1438 aliis

217 1481 304 1542 codd.
330 1488 461 1560 exstant,
482 1482 527 1542 ita
548 1483 581 1542 in
604 1482 670 1542 cod.
692 1483 788 1542 Marc.
805 1483 874 1560 613,
897 1489 933 1542 ut
949 1481 1063 1561 Hugo
1079 1482 1190 1541 Rabe
1213 1500 1282 1540 mea
1297 1479 1411 1555 gratia

216 1583 327 1645 statuit
340 1587 376 1661 1).
419 1584 524 1661 Atque
555 1584 742 1662 benignitati
772 1584 864 1646 huius
893 1584 1026 1645 hominis
1055 1583 1140 1644 docti
1170 1583 1284 1659 debeo,
1317 1582 1410 1659 quod

216 1686 365 1747 lectiones
397 1686 512 1747 codicis
536 1687 681 1747 exhibere
703 1707 836 1766 possum,
867 1687 900 1746 id
923 1686 1006 1764 quod
1028 1707 1090 1747 non
1111 1685 1178 1746 sine
1200 1684 1306 1746 fructu
1328 1685 1408 1746 lieri

216 1809 288 1848 mox
310 1788 482 1867 apparebit.
518 1788 556 1848 In
578 1797 667 1867 parte
690 1789 786 1866 igitur
808 1789 994 1850 scholiorum
1015 1789 1164 1850 lectiones
1179 1808 1276 1849 novas
1291 1795 1407 1848 notare

217 1891 295 1951 satis
325 1891 461 1969 habebo,
491 1898 611 1970 partem
640 1911 746 1952 eorum
776 1892 816 1952 ad
844 1893 972 1953 verbum
1002 1890 1162 1952 exhibebo.
1214 1890 1262 1951 Ne
1290 1897 1407 1968 postea

218 1993 399 2071 singillatim
442 1993 519 2053 mihi
555 1995 852 2055 commemorandum
888 1995 945 2073 sit,
989 1994 1094 2054 statim
1131 1993 1201 2055 dico
1237 1993 1405 2054 Dindorfio

217 2096 366 2158 lectiones
389 2096 436 2157 ed.
458 2095 600 2175 Aldinae,
631 2117 668 2156 ex
691 2118 752 2174 qua
773 2097 888 2176 pendet
909 2097 942 2157 in
963 2097 1013 2158 his
1035 2096 1163 2158 scholiis
1186 2095 1259 2172 (nisi
1280 2095 1403 2155 rectius

218 2208 266 2260 eet
296 2219 334 2260 ex
355 2200 565 2278 Buttmanno),
595 2197 737 2260 afferenti
768 2220 829 2260 non
860 2199 961 2260 omnia
990 2199 1143 2260 credenda
1173 2219 1249 2260 esse,
1292 2199 1345 2257 Ita
1367 2198 1404 2257 in

218 2303 276 2364 hoc
299 2303 416 2363 scholio
428 2302 523 2364 habet
546 2303 592 2362 ed.
610 2302 696 2364 Ald:
720 2297 801 2384 αότλγῖ
822 2299 871 2362 καὶ
888 2291 1032 2373 οὗτος-
1046 2295 1222 2378 άκνεότητος
1236 2336 1278 2346 -
1293 2297 1406 2371 ου’ταῖς

218 2409 282 2476 ταῖς
310 2399 416 2485 κόραις
452 2441 487 2450 -
518 2401 767 2485 ἐπαγγειλαμένου
797 2441 840 2469 -τ
862 2399 951 2466 νόσον
974 2398 991 2465 ό
1017 2399 1205 2482 Μελάμπους
1227 2424 1289 2482 σου,
1322 2424 1404 2480 quae

218 2509 331 2588 partim
359 2531 388 2588 p.
419 2508 531 2568 LXIII
554 2509 696 2569 correxit.
740 2508 806 2570 Ood
827 2509 896 2570 Ven
921 2508 997 2568 mihi
1018 2510 1060 2587 M,
1083 2508 1122 2568 ed
1143 2508 1215 2568 Ald.
1237 2509 1307 2586 δ’,
1334 2505 1403 2567 cod.

219 2611 308 2672 Oxon
329 2612 377 2673 V⁰
404 2610 517 2689 audiat,
547 2618 582 2671 ut
612 2611 797 2672 scholiorum
820 2611 933 2672 editori
954 2610 1067 2690 futuro,
1089 2611 1126 2670 A.
1148 2610 1309 2672 Ludwioh.
1353 2610 1404 2670 De

220 2714 325 2775 codice
354 2713 488 2775 Vindob.
520 2715 580 2774 133
611 2716 676 2793 (X),
705 2715 853 2775 nonnulla
882 2713 981 2775 debeo
1012 2713 1151 2775 comitati
1180 2713 1406 2774 Hermanni

220 2816 435 2878 Schrader

304 2921 359 2980 De
380 2919 654 2999 Melampode:

220 3025 250 3085 fr
275 3026 328 3083 24
349 3050 392 3074 =
414 3023 470 3083 sch
493 3045 508 3082 o
532 3025 594 3084 225
616 3024 662 3084 ita
683 3024 849 3103 legendum
872 3044 940 3085 ease
962 3031 1053 3102 puto:

306 3119 493 3202 Μελάμπους
524 3118 542 3185 ό
571 3121 763 3203 Ἀμυθάονος
790 3131 861 3198 παῖς
891 3122 983 3186 πολλά
1013 3123 1066 3203 μέν
1096 3124 1145 3186 καὶ
1174 3119 1245 3184 άλλα
1273 3119 1322 3184 διά
1350 3126 1405 3200 τῆς

221 3232 363 3308 μαντικῆς
390 3223 526 3308 τεράστια
559 3223 712 3310 εἰργάσατο
736 3230 783 3310 (i),
816 3225 871 3307 οόχ
900 3223 1017 3307 ἥκιστια
1040 3227 1072 3289 δέ
1095 3222 1176 3312 edroi
1200 3225 1249 3287 noel
1274 3215 1364 3296 οὗτος
1388 3219 1405 3285 ό

221 3326 410 3404 ἐνδοξότατος
455 3320 549 3402 ἆθλος
590 3328 711 3413 ἐγένετο.
770 3334 828 3392 τῶν
865 3326 920 3413 γάρ
961 3332 1095 3411 Προίτου
1135 3327 1310 3410 θυγατέρων
1350 3331 1405 3388 τοῦ

220 3431 362 3512 βασιλέως
384 3437 443 3496 τῶν
463 3433 595 3515 Αργελοον
612 3435 774 3512 Λυσίππης
795 3433 847 3496 καὶ
860 3429 1055 3512 Ἰφιανάσσης
1078 3429 1128 3495 διά
1150 3429 1204 3511 την
1220 3431 1252 3492 ἐκ
1266 3425 1406 3508 νεότητος

192 3531 456 3618 δάνεπιλογιστέαν
486 3531 680 3616 άμαρτουσοὸυ
711 3537 752 3609 εἰς
768 3533 866 3617 Ἥραν
887 3574 928 3584 -
951 3532 1188 3618 παραγενόμεναι
1210 3530 1266 3617 γάρ
1290 3533 1330 3604 εἰς
1352 3529 1406 3593 τόν

221 3644 274 3719 τῆς
301 3643 377 3701 θεοῦ
408 3634 482 3700 νεοδν
504 3638 655 3701 ἔσκωπτον
683 3636 776 3702 αὐτόν
797 3639 933 3721 λέγουσαι
957 3635 1175 3719 πλουσιοότερον
1198 3642 1306 3716 μάλλον
1330 3628 1406 3695 εἶναι

222 3738 275 3805 τόν
306 3745 361 3802 τοῦ
386 3736 499 3821 πατρός
522 3735 607 3804 οἷκον
629 3779 669 3788 -
691 3742 711 3821 †
733 3741 784 3804 καλ
806 3739 857 3804 διά
878 3747 967 3803 τοῦτο
990 3738 1094 3821 μάντις
1118 3737 1160 3803 τόν
1183 3734 1406 3817 όΜελάμπους

223 3840 462 3926 παραγενόμενος
491 3837 631 3923 όπέσχετο
663 3841 778 3917 πάντας
811 3842 1006 3926 θεραπεύειν,
1037 3845 1064 3906 εἰ
1084 3841 1170 3924 λάβοι
1193 3839 1331 3916 κατόξιυν
1354 3845 1407 3918 τῆς

223 3947 385 4026 θεραπείας
425 3942 477 4008 τόν
514 3943 633 4025 μισθόν.
689 3942 747 4026 ἤδη
785 3941 841 4029 γάρ
878 3942 898 4027 ἡ
927 3942 1016 4019 νόσος
1044 3942 1182 4026 δεκαετὴς
1211 3943 1263 4008 καὶ
1292 3942 1406 4021 όδάνην

174 4055 214 4112 10
224 4049 357 4131 φέρουσα
387 4044 423 4111 οό
456 4046 550 4128 μόνον
578 4047 682 4122 αὐταῖς
710 4056 775 4123 ταῖς
804 4047 908 4132 κόραις
939 4044 1010 4110 άλλά
1032 4049 1082 4111 καλ
1105 4055 1168 4122 τοῖς
1190 4043 1406 4132 γεγεννηκόσιν.

311 4310 336 4370 1)
355 4307 453 4363 Postea
479 4307 533 4363 vidi
559 4307 610 4363 hoo
635 4308 689 4364 iam
712 4309 746 4364 ab
772 4308 889 4364 Arthuro
907 4308 1034 4364 Luduich
1058 4309 1157 4365 dictum
1184 4323 1242 4362 esse
1260 4307 1288 4362 in
1305 4306 1408 4362 Lentzii

226 4393 378 4449 Herodiano
398 4393 501 4466 112,p
522 4393 594 4450 1233.

480 4908 912 5036 a*
