3062 5070
690 323 905 381 ..14-

195 491 359 554 delendum
387 503 443 574 est,
466 502 602 556 ceterum
628 488 764 570 Φαισύλη
787 492 941 574 (Robert)‚
971 487 1023 552 τόν
1036 485 1134 573 Ἥρας
1156 486 1265 570 φόβον,
1290 486 1393 562 αὐτας

199 594 250 654 καὶ
273 600 451 678 Λυκοῦργος
483 597 681 660 scribendum
712 603 768 656 est.
791 630 833 642 ·-
856 597 894 656 Iu
925 597 1000 674 Hyg
1029 602 1094 655 astr
1124 595 1159 654 H
1185 596 1224 653 21
1248 615 1269 672 p
1294 596 1337 654 62
1361 595 1394 654 B

200 719 255 776 pro
277 698 420 778 ‘Thyone’
450 701 569 761 Robert
598 706 683 760 recte
708 698 825 759 ‘Dione'
848 698 961 777 posuit.
978 734 1019 742 —
1034 698 1072 756 In
1094 697 1182 758 schol
1205 697 1260 756 BP
1285 697 1395 772 Germ,

201 799 280 859 Arat
304 803 365 862 178
387 824 407 881 p
431 806 471 864 75
494 804 538 862 Br
560 824 581 864 v
602 805 617 861 1
641 801 726 863 frons
758 822 827 861 cum
861 799 941 860 fecie
964 799 1077 860 adicit
1098 807 1226 878 septem,
1256 807 1335 876 quot
1359 808 1395 859 et

202 903 311 963 stellae
345 913 418 965 sunt
451 907 470 964 3
501 913 661 966 vocantur.
698 925 828 981 quarum
858 903 982 963 nomina
1014 903 1168 962 Phaesule
1203 901 1396 978 (Kiessling)

202 1004 367 1066 Ambrosia
399 1005 528 1067 Coronis
550 1006 676 1066 Eudora
696 1006 816 1083 Polyxo
839 1005 1066 1090 Phaeo'Dione
1098 1005 1277 1080 (Robert)4
1300 1002 1395 1081 fuge-

201 1114 274 1169 runt
304 1108 437 1188 Thebas,
467 1110 582 1186 subite,
612 1128 651 1168 ne
683 1110 721 1169 ab
752 1109 870 1168 Iunone
900 1110 919 1168 5
949 1108 1035 1170 Iovis
1068 1110 1086 1168 6
1115 1105 1245 1186 Hyadas
1269 1108 1287 1165 7
1312 1127 1394 1183 quas

203 1228 259 1285 eqs
287 1209 427 1271 delenda.

275 1328 531 1408 'Addendum
554 1337 602 1390 est
624 1329 696 1391 sch
720 1329 835 1390 Germ
858 1330 886 1389 G
907 1351 927 1408 p
951 1331 1011 1389 136
1036 1329 1080 1387 Br
1104 1331 1163 1389 107
1187 1329 1276 1389 Rob:
1308 1327 1395 1387 tauri

206 1451 328 1508 quoque
350 1429 445 1510 frona,
477 1452 555 1509 quae
578 1433 703 1493 suculae
725 1432 930 1510 nominantur,
960 1453 978 1490 a
1000 1431 1181 1508 Pherecyde
1203 1430 1394 1490 Atheniensi

205 1553 353 1594 mammae
389 1533 487 1596 fuisse
521 1535 666 1596 dicuntur
694 1535 802 1595 Liberi
835 1535 933 1613 patris
966 1541 998 1594 et
1029 1540 1159 1595 vocatae
1190 1532 1393 1593 Dodoniades

205 1657 345 1715 sponsae.

291 1757 413 1817 Fabula
433 1755 512 1816 mire
535 1756 573 1817 de
588 1757 769 1818 Pleiadibus
791 1757 824 1816 in
847 1756 973 1816 scholiis
994 1755 1179 1816 Strozrianis
1203 1754 1254 1829 (de
1277 1755 1394 1832 quibus
1513 1845 1514 1848 Ἴ

204 1859 285 1919 Rob.
315 1880 345 1937 p.
375 1861 437 1919 204
460 1860 508 1936 sq)
539 1866 660 1920 tantum
692 1865 816 1920 servata
848 1879 885 1918 ex
915 1857 1095 1918 confusione
1127 1877 1196 1917 oum
1226 1856 1396 1934 Hyadibus
1513 1849 1514 1856 ¹

205 1970 274 2022 orta
296 1961 421 2022 videtur
444 1981 512 2022 esse
533 1962 666 2040 ideoque
687 1981 815 2041 prorsus
837 1960 1037 2021 excludenda.

289 2081 345 2140 De
369 2079 600 2158 Oedipode:
1516 2100 1517 2130 1

204 2182 242 2242 fr
272 2185 317 2244 47
341 2213 385 2234 =
406 2185 462 2243 sch
484 2184 569 2263 Soph
598 2184 656 2245 ΟΒ
679 2186 740 2245 775
762 2204 819 2263 pro
850 2179 1009 2259 ἀδελφειοῦ
1031 2182 1248 2242 Schneidewin
1278 2182 1392 2259 proba·
1517 2204 1518 2222 1

206 2286 310 2346 biliter
333 2285 409 2346 coni.
432 2286 579 2361 Ἀλφειοῦ.

206 2387 242 2447 fr
278 2390 328 2447 48
365 2417 408 2440 =
444 2390 500 2450 sch
532 2391 597 2450 Eur
628 2391 736 2450 Phoen
769 2391 809 2449 53
841 2410 861 2451 v
893 2391 912 2448 2
944 2388 956 2447 l
988 2382 1058 2459 τούς
1088 2386 1251 2457 Οἰδίποὸος
1283 2385 1394 2457 παῖδας

207 2494 227 2550 8
251 2486 414 2570 [Ἰοκάστη]
438 2488 588 2572 Ἀντιγόνη
611 2492 662 2552 καὶ
684 2488 802 2571 Ἰσμήνη
826 2494 866 2551 10
887 2494 1015 2552 καλεῖται
1039 2493 1078 2550 12
1094 2496 1181 2571 γαμεῖ
1200 2485 1217 2551 ὁ
1237 2489 1393 2560 Οἰόέπονς.

291 2611 346 2670 De
369 2611 551 2672 Tiresia:

208 2713 244 2773 fr
274 2713 323 2773 50
351 2742 394 2763 =
424 2713 508 2792 Apld
537 2713 590 2774 ΙΠ
621 2717 647 2794 6,
684 2718 711 2793 7,
749 2717 777 2794 2,
811 2734 890 2793 quae
918 2714 960 2774 M.
991 2714 1120 2774 adnotat
1150 2712 1281 2773 delenda
1312 2720 1394 2773 sunt.

208 2817 366 2876 Lacunam
396 2817 435 2876 ab
467 2817 591 2895 Heynio
624 2827 708 2879 recte
739 2818 906 2879 indicatam
938 2816 998 2877 hoo
1028 2816 1093 2877 fere
1124 2817 1213 2876 modo
1247 2817 1394 2895 supplere

210 2928 338 2978 conatus
366 2939 447 2978 sum:
476 2914 607 3003 θηνἈᾷ
638 2916 816 3004 (λούσασθαι
846 2914 918 2997 μετα
949 2923 1001 2997 τῆς
1030 2925 1106 2991 θεας
1138 2918 1169 2980 έν
1191 2923 1231 3002 τῷ
1264 2963 1272 2979 .
1299 2962 1307 2977 .
1333 2965 1340 2979 .
1366 2965 1372 2978 .

210 3023 348 3102 ποταμῷ·
392 3019 443 3080 καὶ
467 3013 558 3081 αὐτόν
582 3019 634 3098 μέν
655 3019 710 3100 τήν
732 3021 886 3107 Ἀθηνᾶν).

295 3140 364 3200 Hoc
386 3141 454 3201 loco
484 3141 748 3203 inserendum
771 3151 820 3204 est
841 3144 898 3204 sch
920 3166 939 3204 κ
961 3145 1023 3204 493
1047 3144 1073 3204 Τ
1096 3143 1191 3221 (Hp.
1215 3143 1275 3203 782
1296 3140 1396 3220 Dind)

211 3243 293 3319 quod
318 3263 380 3302 non
401 3243 493 3320 plane
516 3252 660 3305 accurate
683 3245 765 3323 apud
787 3245 880 3307 Dind.
902 3246 1086 3326 impressum
1109 3265 1177 3306 esse
1198 3244 1397 3303 Hermannus

211 3345 365 3405 Schrader
395 3346 528 3424 benigne
557 3367 676 3407 mecum
706 3349 950 3412 communicavit.
998 3349 1139 3408 Ceterum
1162 3348 1195 3406 id
1217 3347 1293 3406 mihi
1316 3346 1397 3404 dilu-

213 3447 316 3507 cidum
348 3447 481 3527 videtur,
512 3458 659 3526 quattuor
691 3471 835 3512 versuum
864 3452 941 3514 fines
972 3450 1132 3530 excidisse,
1161 3459 1197 3512 ut
1224 3451 1283 3510 hoc
1304 3447 1398 3508 modo

215 3550 414 3610 scribendum
435 3560 558 3629 putem:

302 3657 484 3731 πηρωθῆναν
520 3652 545 3715 θ’
566 3649 659 3716 adadu
694 3653 865 3736 Φερεκύδης
900 3654 1016 3742 (φησὶν)
1050 3651 1151 3716 ἰδόντα
1181 3650 1233 3733 τὴν
1263 3653 1400 3730 Ἀθηνᾶν

214 3755 380 3832 λουομένην
409 3754 441 3817 έν
468 3759 508 3840 τῷ
532 3802 538 3816 .
562 3803 570 3817 .
594 3805 602 3820 .
625 3803 632 3816 .
657 3803 665 3820 .
690 3804 697 3820 .
722 3757 880 3840 παρθένον
910 3755 1105 3837 ὑπάρχουσαν
1126 3757 1178 3818 καὶ
1200 3761 1400 3836 κορευθεῑσαν

159 3877 171 3898 ·
213 3848 273 3915 v‘ad
298 3852 482 3930 ’Λπόλλωνος
513 3859 555 3930 εἰς
576 3856 609 3921 co*
634 3907 797 3924 ......
821 3864 959 3923 καίεσθαι
988 3860 1098 3938 μέλλειν
1120 3855 1181 3921 dut
1199 3855 1329 3941 Ev’ripov
1352 3880 1408 3917 του

183 3956 325 4038 deurode
355 4005 361 4021 .
397 4006 403 4021 .
437 4006 443 4022 .
480 4007 486 4022 .
518 4009 525 4024 .
558 4012 565 4027 .
597 3962 638 4035 εἰς
670 3957 765 4044 ἄνδρα
796 3963 1013 4042 μεταβαλέσθαι
1042 3961 1146 4049 γνώμῃ
1174 3967 1227 4023 τοῦ
1251 3964 1326 4023 θεοῦ
1347 3959 1400 4020 καὶ

212 4064 283 4138 μίαν
307 4057 360 4139 τήν
382 4107 553 4127 ......
577 4065 716 4146 γενέσθαι
738 4071 797 4128 κτλ.

306 4184 321 4241 l
355 4151 479 4264 pepend'
545 4231 551 4244 .
585 4185 611 4243 T
641 4188 695 4262 (=
726 4187 837 4246 lacuna
874 4185 1004 4245 duarum
1044 4186 1235 4266 litterarum,
1275 4185 1306 4243 in
1339 4205 1401 4261 qua

211 4281 366 4344 Schrader
388 4282 432 4364 φή
448 4290 530 4363 (eum
548 4287 672 4365 lineolo)
687 4317 730 4340 =
745 4287 838 4366 φησὶν
853 4287 1011 4350 exstitisse
1026 4297 1124 4369 putet.
1168 4292 1188 4349 2
1205 4291 1402 4369 κορεσθεῖσαν

212 4385 238 4446 Τ
262 4388 283 4447 4
306 4388 514 4468 μεταβαλοῦσα
537 4389 572 4450 T.

1268 4868 1521 5030 fl„
