3062 5070
731 363 945 422 -42-

245 530 369 594 fuerint.
413 533 517 611 Atque
548 534 576 595 si
605 555 644 594 ex
665 533 803 594 Hesiodo
833 532 873 594 de
901 533 959 594 hac
980 554 1015 594 re
1037 534 1107 612 plus
1128 532 1315 592 haberemus
1338 549 1435 609 quam

247 633 278 694 fr
301 637 343 696 ³2
364 637 419 716 Ra,
442 635 575 698 fortasse
599 635 680 715 apud
704 656 774 696 eum
795 636 852 696 has
874 656 925 697 res
947 635 1164 696 inveniremus.

337 1013 458 1075 Deinde
472 1013 654 1094 Apollodori
677 1013 716 1074 de
738 1013 938 1093 Geryonis
961 1013 1094 1075 bobus
1115 1013 1234 1074 narrati
1249 1011 1438 1074 etractanda
1510 1015 1511 1040 ¹

247 1124 304 1178 est.
347 1118 453 1194 Atque
474 1117 675 1196 Wagnerum,
699 1117 781 1194 quod
795 1116 1020 1195 Panyassidem
1042 1123 1074 1176 et
1088 1116 1302 1194 Pherecydem
1323 1115 1438 1176 eadem

246 1219 358 1281 dehac
374 1241 408 1280 re
422 1219 590 1280 tradidisse
606 1219 757 1298 opinetur,
773 1240 876 1282 errare
891 1241 985 1299 supra
997 1223 1029 1300 (p
1041 1223 1083 1281 30
1092 1225 1140 1297 sq)
1153 1226 1341 1280 monstrasse
1356 1217 1438 1277 mihi

247 1321 363 1383 videor.
406 1323 519 1382 Restat
549 1321 654 1400 igitur,
682 1330 718 1383 ut
738 1323 823 1403 Apld
846 1343 915 1384 cum
937 1324 1021 1383 Pher
1043 1321 1218 1384 consentiet
1239 1340 1336 1382 necne
1359 1339 1437 1380 enu·
1511 1405 1512 1412 ρ

246 1426 388 1486 cleemus.
431 1424 536 1502 Atque
567 1424 606 1485 de
636 1425 695 1486 hac
725 1427 826 1487 solum
847 1447 880 1487 re
903 1447 995 1504 agere
1016 1445 1151 1505 possum,
1182 1444 1221 1485 ea
1242 1421 1437 1499 quaestione,
1511 1435 1512 1442 ³

248 1548 328 1606 quae
350 1528 398 1590 vis
420 1527 463 1588 sit
484 1525 618 1607 fabulae,
640 1528 732 1608 plane
754 1529 917 1605 omissa1).

332 1648 434 1708 Huius
466 1646 648 1725 Apollodori
676 1648 775 1726 partis
803 1649 849 1725 (II
880 1650 907 1726 5,
942 1650 993 1719 10)
1024 1647 1254 1726 paragraphum
1283 1646 1437 1724 quintam,
1512 1718 1513 1742 ρ

245 1751 301 1812 ubi
329 1751 369 1811 de
400 1750 481 1811 Solis
512 1750 623 1828 cyatho
655 1751 767 1830 agitur,
796 1771 835 1812 ex
864 1749 1045 1829 Pherecyde
1074 1757 1232 1828 sumptum
1261 1769 1330 1810 esse
1361 1769 1438 1809 cen·
1512 1743 1513 1808 l

248 1861 378 1914 suerunt
399 1853 511 1931 Heyne
544 1852 595 1929 (ad
624 1853 709 1931 Apld
739 1855 857 1932 p393)
879 1854 1012 1914 Mueller
1043 1853 1187 1930 (Dor-1²
1212 1854 1288 1929 429)
1309 1852 1437 1912 Robert

251 1956 296 2030 (de
317 1958 400 2032 Apld
422 1955 482 2014 bibl
501 1977 523 2034 p
539 1957 600 2033 67),
622 1976 752 2033 quorum
766 1956 898 2017 Mueller
920 1963 1019 2016 totam
1041 1954 1178 2017 fabulam
1200 1975 1239 2014 ex
1252 1953 1439 2033 Pherecyde

247 2057 374 2118 fluxisse
401 2065 512 2136 putare
542 2055 675 2118 videtur.
723 2057 783 2119 sed
815 2058 856 2119 ad
887 2059 967 2118 hanc
998 2057 1171 2137 opinionem
1202 2055 1437 2117 diiudicandam

245 2159 404 2221 videamus
434 2157 463 2220 n
492 2158 613 2221 Pherae
646 2160 743 2236 (και
775 2181 814 2241 ap
844 2161 950 2222 Athen
979 2161 1030 2221 xi
1058 2162 1167 2237 κιαι).
1218 2159 1304 2220 niet
1334 2159 1438 2238 igitur
1513 2139 1514 2150 '

245 2262 369 2322 Athen:
402 2255 420 2322 α’
442 2255 468 2321 δ’
489 2254 641 2341 Ἡρακλῆς
663 2260 775 2324 ἕλκεται
799 2257 843 2324 ἐπ’
867 2257 959 2337 αὐτὰν
982 2257 1014 2324 rd
1038 2258 1125 2336 τόξον
1148 2255 1189 2334 αῖς
1210 2261 1319 2340 deicis.
1365 2263 1433 2324 Sub

246 2359 339 2423 αὐτόν
368 2364 412 2424 hh
441 2365 484 2425 dd
505 2364 728 2445 Apollodorum
757 2367 858 2428 secuti
887 2366 989 2428 Solem
1019 2366 1206 2428 audiendum
1236 2385 1304 2426 esse
1337 2373 1433 2444 puta-

246 2475 358 2528 verunt
387 2475 419 2528 et
448 2468 487 2529 ob
518 2469 599 2529 hanc
630 2488 756 2530 causam
777 2469 844 2531 Wil
866 2469 911 2547 (in
940 2468 1005 2531 edit
1026 2468 1122 2548 Kaib)
1146 2475 1178 2528 et
1208 2475 1300 2529 antea
1321 2467 1434 2556 Bergk
1514 2537 1515 2546 ρ

246 2568 296 2648 (cf
314 2590 408 2648 supra
430 2591 450 2649 p
468 2573 520 2646 12)
533 2571 566 2631 in
587 2571 789 2648 sequentibus
812 2572 917 2634 verbis
940 2571 1037 2640 δείσας
1052 2579 1124 2632 ante
1139 2567 1315 2630 παύσασθαι
1328 2577 1433 2630 trans-

247 2679 425 2751 posuerunt.
450 2654 452 2660 ¹
482 2672 543 2733 Sed
580 2673 712 2751 primum
747 2673 781 2734 in
817 2675 876 2735 hac
911 2674 1167 2752 interpretatione
1218 2667 1284 2732 riori
1320 2667 1433 2733 codron

252 2774 363 2836 mirum
385 2783 477 2853 esset,
508 2775 535 2836 si
556 2775 655 2852 igitur
675 2775 707 2836 id
729 2784 886 2855 tamquam
908 2771 1062 2838 ἀντίδοτον
1084 2777 1246 2854 diceretur,
1269 2774 1439 2853 quodnisi

247 2876 375 2939 fecisset
396 2876 500 2938 facere
523 2886 649 2940 coactus
672 2887 762 2941 esset.
805 2880 928 2940 Deinde
950 2879 1028 2940 dicit
1049 2879 1170 2940 Athen:
1194 2873 1347 2958 oportunis
1364 2875 1436 2956 περὶ

246 2981 301 3038 τοῦ
320 2971 466 3038 Ὠκεανοῦ
491 2977 645 3058 ἐπιφέρει·
669 2974 687 3042 o‘
709 2976 734 3041 δ’
755 2975 908 3063 Ἡρακλῆς
930 2981 1042 3044 ἕλκεται
1065 2977 1109 3043 ἐπ’
1132 2975 1224 3042 αὐτόν
1248 2985 1307 3042 κτλ.
1355 2979 1436 3041 (ium

249 3081 346 3160 igitur
367 3103 477 3160 parum
498 3083 666 3145 verisimile
688 3084 739 3164 sit,
760 3084 881 3146 Pherec
903 3085 961 3146 hoc
978 3086 1046 3146 loco
1062 3083 1238 3146 accuratius
1253 3083 1293 3143 de
1309 3081 1435 3144 Oceano

249 3185 351 3262 egisse
381 3219 422 3232 -
451 3206 524 3246 nam
554 3186 669 3248 scimus
699 3187 832 3266 primum
863 3188 895 3248 in
926 3188 1006 3248 libro
1038 3187 1174 3250 secundo
1208 3194 1239 3247 et
1269 3185 1362 3247 tertio
1395 3186 1436 3246 de

246 3288 382 3349 Hercule
412 3308 584 3350 sermonem
610 3287 716 3367 fuisse,
746 3289 859 3350 deinde
881 3289 963 3352 idem
986 3311 1024 3351 ex
1045 3292 1113 3351 loco
1136 3290 1204 3369 ipso
1227 3287 1369 3366 sequitur
1391 3323 1437 3333 —
1513 3323 1515 3328 ,

239 3391 295 3480 ¹his
325 3392 429 3453 verbis
460 3391 539 3452 nihil
566 3391 652 3452 aliud
680 3391 797 3453 dictum
826 3413 894 3454 esse
915 3401 992 3474 puto
1016 3414 1107 3471 quam
1129 3394 1204 3454 hoc:
1234 3392 1318 3453 Pher
1340 3399 1436 3452 antea

249 3492 367 3553 Oceani
387 3515 499 3555 nomen
521 3495 643 3555 dixerat
666 3502 698 3556 et
718 3517 801 3556 nunc
822 3497 940 3575 pergit3
971 3498 1022 3559 vel
1043 3504 1080 3558 ut
1101 3495 1171 3557 eliis
1194 3495 1299 3556 verbis
1322 3477 1435 3573 dicam,

249 3594 277 3654 si
304 3615 361 3656 nos
393 3597 495 3658 locum
523 3597 718 3678 afferremus,
749 3606 822 3678 post
851 3594 943 3660 αὐτόν
970 3599 1059 3661 uncis
1088 3598 1216 3660 inclusis
1244 3597 1434 3658 diceremus:

247 3696 304 3757 scil
334 3694 484 3758 Ὠκεανόν.
529 3701 598 3762 Ηοα
629 3701 657 3762 si
683 3709 802 3762 rectum
825 3709 881 3781 est,
911 3703 1060 3763 habemus
1083 3700 1275 3763 historiolam
1296 3701 1376 3761 bene
1399 3720 1434 3761 se

247 3799 465 3879 excipientem:
496 3801 637 3864 Oceanus
660 3804 733 3883 (qui,
760 3811 796 3864 ut
818 3803 935 3882 fingere
957 3804 1047 3866 nobis
1069 3824 1242 3884 possumus,
1264 3809 1434 3880 tempesta-

246 3902 331 3964 tibus
365 3903 519 3966 excitatus
552 3905 719 3966 Herculem
756 3905 830 3984 quin
863 3914 1002 3969 transeat
1034 3906 1184 3986 impedire
1219 3908 1360 3983 conatur)
1393 3904 1434 3966 ab

339 4194 365 4263 1)
383 4195 426 4250 De
450 4195 672 4266 interpretatione
696 4194 804 4252 fabulae
828 4197 929 4267 optima
952 4195 1025 4252 haud
1042 4195 1096 4252 scio
1109 4213 1143 4252 eu
1168 4192 1323 4264 scripserint
1338 4191 1435 4247 Iacobs

245 4267 277 4332 ln
299 4279 415 4336 Heereni
438 4283 486 4332 bibl
507 4284 525 4331 d
549 4285 586 4332 alc
609 4284 648 4334 lic
671 4300 689 4333 ιι
711 4285 783 4333 haret
806 4283 831 4338 X
853 4282 888 4339 48
905 4282 949 4351 (=
966 4301 1031 4332 vem
1048 4287 1103 4334 sehr
1118 4282 1158 4338 VI
1176 4280 1246 4348 145),
1272 4277 1294 4334 0
1319 4276 1435 4331 Mueller

247 4369 302 4415 Dor
324 4364 339 4419 I
363 4365 421 4434 426,
445 4366 487 4423 De
512 4366 596 4423 Wiiie
618 4368 646 4423 in
671 4387 733 4420 nour
755 4387 805 4420 αακ
829 4372 859 4419 de
886 4370 959 4420 ΡΜ
984 4371 1081 4419 arctici
1104 4367 1139 4434 ΠΙ
1157 4365 1246 4438 (1838)
1271 4368 1359 4440 p309
1376 4385 1434 4441 sqq,

246 4450 349 4516 Robert
365 4455 440 4504 Herm
456 4453 521 4510 XIX
538 4452 596 4510 483.

348 4762 1137 5044 ΔΑ
