3062 5070
612 329 910 408 -51-'

128 518 233 598 Atque
257 518 389 599 primum
410 518 466 581 sch
488 521 504 580 l
525 521 588 581 266
611 519 652 598 (fr
674 523 726 600 27)
750 541 788 584 ex
817 541 853 582 ec
876 528 1033 599 sumptum
1057 539 1125 582 esse
1147 518 1304 598 subscrip-

129 621 214 682 tione
237 621 393 703 discimus,
415 631 510 700 atque
530 622 590 685 hoo
613 624 740 685 dubium
761 645 823 684 non
844 623 969 684 videtur
998 643 1074 684 esse.
1118 622 1198 683 Nam
1220 630 1251 683 et
1273 623 1306 682 in

130 724 260 785 Homeri
281 725 432 804 versibus,
455 745 533 804 quos
555 727 725 788 scholiasta
747 725 945 806 interpretari
959 726 1036 804 vult,
1057 725 1238 787 brevissime
1260 723 1306 785 fa-

130 828 204 888 bula
225 834 480 889 commemoratur
502 863 542 873 -
565 827 610 889 ita
632 837 668 890 ut
697 850 735 890 ex
765 836 875 908 poetae
905 828 1088 908 paraphrasi
1116 828 1174 888 hoc
1205 834 1306 888 ortum

131 950 199 991 esse
220 951 283 991 non
305 930 525 1009 suspicandum
546 931 589 993 sit
610 967 654 977 -
683 940 715 993 et
736 932 881 1012 poculum
902 930 980 991 illud
1001 930 1169 992 Alcmenae
1191 950 1209 990 a
1231 930 1306 990 Iove

131 1033 238 1094 datum
262 1040 449 1094 memoratur
477 1053 517 1094 ex
545 1034 664 1096 Pherec
689 1035 783 1096 etiam
811 1055 850 1113 ap
873 1033 978 1095 Athen
999 1033 1050 1093 XI
1070 1034 1142 1095 474.
1185 1031 1306 1093 Deinde

92 1213 95 1221 Ι
130 1135 173 1195 hh
195 1135 239 1195 dd
261 1135 317 1197 sch
341 1133 442 1201 5323
460 1139 548 1212 (FHG
565 1137 612 1199 IV
628 1139 726 1215 6382)
741 1158 779 1198 ex
800 1136 981 1215 Pherecyde
1002 1135 1129 1198 fluxisse
1150 1135 1306 1214 subscrip·

130 1237 208 1298 tioni
243 1238 450 1300 crediderunt.
502 1238 565 1300 Sed
602 1241 734 1326 primum
763 1240 820 1302 sch
850 1241 942 1320 plane
972 1259 1041 1300 oum
1067 1237 1204 1300 Hesiodo
1235 1258 1306 1299 ocn-

130 1340 234 1418 sentit,
264 1341 325 1402 nisi
347 1341 431 1419 quod
451 1341 638 1422 Amphitryo
669 1364 782 1412 annum
804 1343 955 1403 Teleboas
984 1340 1143 1404 obsedisse
1173 1340 1306 1402 additur.

131 1443 302 1522 Praecipue
325 1444 482 1530 autemid
504 1465 574 1507 cum
591 1445 729 1507 Hesiodo
753 1445 904 1524 congruit,
926 1445 965 1505 ab
980 1443 1206 1523 Amphitryone
1227 1443 1305 1504 irato

130 1545 349 1624 Electryonem
371 1554 515 1608 necatum
544 1567 620 1628 esse,
651 1548 734 1626 quod
764 1537 920 1627 discrepet
942 1568 961 1607 a
983 1546 1103 1608 Pherae
1124 1546 1181 1608 sch
1202 1549 1225 1626 t,
1253 1546 1307 1624 qui

131 1648 388 1728 Amphitryonem
419 1650 553 1711 invitum
583 1649 776 1713 interfecisse
807 1650 891 1712 dicit.
943 1652 1110 1711 Praeterea
1139 1648 1307 1711 videndum

132 1758 186 1830 θεὴ,
217 1751 368 1829 quomodo
400 1752 591 1832 subscriptio
622 1753 781 1816 codicibus
810 1753 956 1815 firmetur.
1000 1753 1114 1814 Exstat
1134 1752 1231 1831 igitur
1253 1753 1306 1812 ad·

131 1852 191 1914 huc
213 1853 246 1913 in
268 1854 353 1915 nullo
376 1855 481 1917 codice
502 1856 564 1917 nisi
585 1856 745 1918 Vratislav
768 1865 800 1917 et
829 1855 861 1916 id
883 1863 954 1936 post
975 1854 1136 1936 scholium,
1162 1853 1245 1933 quod
1267 1853 1307 1914 ad

131 1955 198 2034 Lyc
220 1957 261 2016 33
291 1966 433 2036 spectare
454 1959 558 2020 Maass
580 1966 665 2020 recte
691 1959 828 2020 adnotat.
879 1959 913 2020 si
941 1958 1039 2038 igitur
1068 1958 1128 2018 hoc
1156 1956 1307 2020 scholium

132 2080 151 2118 a
171 2059 268 2137 priori
289 2069 459 2141 separatur,
490 2061 611 2123 scilicet
641 2062 681 2124 ad
711 2061 796 2123 eliud
817 2062 929 2123 lemma
957 2061 1092 2141 positum
1122 2067 1178 2140 est,
1210 2066 1246 2120 ut
1274 2060 1307 2120 in

136 2160 215 2221 codd
229 2162 285 2222 Ar
300 2162 417 2224 factum
439 2169 494 2243 est,
517 2184 602 2225 error
623 2164 808 2226 scholiastae
823 2163 1007 2226 statuendus
1030 2171 1085 2225 est.
1129 2162 1183 2224 Sin
1204 2169 1307 2224 autem

135 2265 340 2345 coniungitur,
362 2273 398 2327 ut
418 2266 493 2327 inB
516 2274 573 2346 θεὴ,
594 2266 807 2347 Pherecydem
829 2267 869 2328 ad
890 2266 1024 2347 priorem
1045 2271 1165 2346 partem
1183 2266 1306 2327 trahere

135 2367 295 2430 codicibus
316 2369 407 2430 nobis
427 2369 516 2447 licet3
541 2369 598 2431 sed
619 2378 686 2430 tum
706 2378 835 2451 propter
857 2369 1096 2450 discrepantiam
1119 2389 1137 2429 a
1158 2369 1215 2430 sch
1236 2372 1252 2427 λ
1273 2367 1307 2428 id

134 2471 299 2533 maximum
314 2471 482 2534 concedere
500 2491 672 2552 possumus,
693 2471 824 2534 Hesiodi
840 2473 1026 2552 hypothesin
1041 2491 1111 2532 cum
1125 2470 1306 2550 Pherecyde

133 2575 327 2654 compilatam
349 2595 426 2636 esse.
477 2577 586 2654 Neque
611 2583 714 2637 tamen
744 2581 829 2655 puto,
859 2594 898 2635 ex
919 2575 978 2636 hoc
999 2574 1055 2636 ech
1086 2581 1193 2636 contra
1214 2573 1308 2635 scht

133 2677 377 2740 concludendum
399 2698 475 2757 esse,
497 2679 581 2740 Pher
603 2699 673 2739 cum
694 2679 831 2741 Hesiodo
848 2678 1017 2740 concinere.
1062 2677 1101 2738 Id
1122 2676 1220 2754 igitur
1240 2687 1307 2736 tan-

132 2787 198 2840 tum
227 2799 266 2840 ex
296 2781 354 2843 hcc
385 2780 502 2843 scholio
533 2802 589 2861 pro
619 2782 800 2861 Pherecyde
830 2780 901 2843 elici
930 2787 1043 2860 potest,
1073 2779 1155 2858 quod
1187 2779 1225 2840 de
1256 2799 1307 2840 ex-

132 2881 290 2961 peditione
313 2883 381 2962 ipsa
404 2883 522 2944 dictum
545 2891 593 2945 est
614 2884 799 2964 (praecipue
815 2878 951 2945 ἐνιαυτὸν
973 2877 1200 2964 apocatasticus,
1225 2881 1307 2960 quod
1368 2861 1377 2879 ⁸

134 3005 170 3044 ex
192 2986 330 3047 Hesiodo
353 2994 509 3066 sumptum
531 3007 593 3049 uon
619 2992 686 3066 est).
729 2988 810 3049 Nam
831 2987 890 3049 hoc
912 2987 996 3067 apud
1017 2986 1137 3048 Pherec
1158 2984 1308 3046 traditum

131 3087 229 3150 fuisse
250 3108 289 3149 ex
310 3087 379 3168 ipsa
400 3088 455 3150 sch
477 3092 493 3150 t
515 3089 695 3152 condicione
717 3089 914 3152 efficiendum
935 3097 991 3152 est.
1027 3090 1205 3166 ,Postquam
1226 3087 1308 3148 enim

132 3191 387 3271 Amphitryonem
410 3191 560 3255 adversus
575 3177 728 3256 Teleboas
750 3193 923 3274 profectum
944 3213 1012 3254 esse
1028 3191 1217 3269 dictumest,
1238 3210 1307 3270 per-

132 3293 229 3371 gitur:
252 3293 310 3355 hac
325 3302 416 3356 nocte
430 3295 551 3375 Iupiter
565 3296 701 3358 advenit.
737 3296 869 3357 Etiamsi
885 3295 966 3356 enim
981 3295 1041 3356 hoc
1055 3294 1101 3354 ita
1116 3293 1179 3354 dici
1192 3300 1306 3373 posset,

132 3403 167 3456 ut
189 3416 256 3457 eam
277 3405 407 3477 noctem,
430 3419 509 3477 quae
531 3419 581 3461 res
603 3381 695 3461 antea
709 3399 810 3460 dictas
829 3399 1026 3479 sequebatur,
1047 3396 1307 3475 intellegeremus,

131 3507 235 3560 tamen
256 3520 318 3560 non
338 3507 405 3562 tum
419 3501 563 3582 Iuppiter
579 3502 620 3562 ad
633 3501 813 3564 Alcmenam
827 3500 921 3578 venit,
944 3519 1014 3560 cum
1028 3497 1214 3578 Amphitryo
1236 3517 1306 3578 pro·

132 3600 233 3664 fectus
255 3610 311 3683 est,
333 3602 390 3666 sed
412 3623 481 3665 cum
504 3624 542 3665 ex
563 3605 645 3666 hello
666 3605 727 3666 iam
741 3603 880 3666 revertit.
924 3601 1081 3663 Scholium
1101 3601 1199 3680 igitur
1219 3601 1307 3681 prius

131 3705 253 3783 plenius
274 3703 342 3766 fuit.
827 3709 831 3719 ’
997 3714 1001 3724 ’

216 3807 337 3870 Deinde
367 3809 461 3871 etiam
488 3810 670 3891 Apollodori
701 3810 754 3891 (II,
777 3811 806 3891 4,
828 3812 847 3870 5
870 3843 913 3858 ·-
933 3808 976 3888 fl,
998 3810 1028 3889 4,
1050 3810 1083 3886 8)
1113 3805 1306 3868 narrationes

131 3910 341 3991 inspiciendae
366 3891 462 3975 sunt·
498 3914 603 3994 Atque
624 3913 770 3975 Nestoris
799 3911 900 3975 filiam·
916 3911 1130 3992 Hippothoam
1154 3909 1239 3989 dicit,
1269 3929 1307 3969 ex

132 4034 192 4090 qua
222 4015 386 4094 Neptunus
417 4016 572 4096 'Paphiam
601 4016 740 4096 suscipit.
792 4015 853 4077 Hic
876 4013 979 4095 Taphi
1007 4014 1124 4076 incolas
1153 4012 1306 4075 Teleboas

132 4117 276 4197 nominat,
298 4111 344 4178 ὅτι
366 4110 398 4201 (ἡ
413 4115 509 4198 μήτηρ
518 4115 541 4203 i)
563 4122 653 4198 τηλοῦ
675 4123 730 4196 τῆς
751 4118 894 4198 πατρίδος
916 4117 979 4196 ἔβη.
1024 4116 1093 4190 Qua
1114 4114 1306 4178 derivatione

131 4219 221 4283 heros
242 4219 394 4282 Teloboas
417 4221 560 4284 exclusus
581 4230 637 4284 cst.
680 4222 729 4282 Ex
750 4220 871 4308 'Paphio
892 4220 1053 4282 Pterelaos
1080 4219 1185 4297 oritur,
1215 4236 1306 4296 quem

130 4321 294 4402 Neptunus
315 4343 408 4384 aureo
431 4322 542 4403 capillo
565 4323 707 4403 imposito
729 4324 934 4386 immortalem
955 4323 1067 4385 reddit.
1119 4321 1187 4395 Qua
1217 4320 1250 4380 in
1270 4339 1305 4380 rc

131 4423 263 4487 fortasse
284 4426 346 4488 iam
367 4427 521 4506 miramur,
543 4447 605 4488 non
626 4425 724 4488 filium
746 4427 925 4508 aNeptuno
947 4427 1004 4489 sed
1024 4431 1169 4507 nepotem
1183 4423 1305 4484 immor·

1100 4527 1141 4582 4*
