3062 5070
685 313 899 372 ..36-

288 483 347 544 His
369 481 552 562 fragmentis
575 489 695 544 ceteras
717 503 767 544 res
790 482 933 561 adiungo,
956 482 995 543 de
1018 483 1131 560 quibus
1157 483 1232 561 quid
1248 481 1397 543 iudican-

204 585 276 646 dum
288 586 432 646 videatur
447 586 593 664 deinceps
608 585 790 646 videbimus.
812 583 916 674 Atque
931 586 1063 663 primum
1079 586 1162 662 quod
1177 585 1223 646 de
1237 585 1295 645 lib
1306 584 1365 645 eri
1378 605 1399 644 s

203 689 396 765 Megarae
418 688 707 764 Herculisque
736 687 985 748 interfectis
1015 709 1053 748 ex
1074 687 1255 764 Pherecyde
1284 685 1325 764 (fr
1348 689 1401 747 30

207 810 247 868 ap
270 790 325 850 sch
348 789 430 849 Pind
452 790 475 849 J
498 791 517 850 3
541 792 581 868 [4]
607 791 679 866 104)
702 788 816 851 scimus
838 789 892 850 vix
912 791 1057 851 idoneum
1079 797 1144 868 est,
1170 789 1253 866 quod
1276 789 1399 849 diiudi-

205 892 356 952 cationem
387 892 579 970 quaestionis
608 890 733 952 efficiat.
784 891 838 951 Sin
870 901 973 952 autem
1004 911 1104 970 pauca
1131 892 1213 952 tanti
1241 893 1400 952 momenti

207 1015 276 1056 esse
297 1002 458 1073 putamus,
487 994 528 1054 ad
558 993 797 1072 discrepantiam
825 993 906 1054 iuter
934 1015 1004 1055 eum
1033 1001 1065 1054 et
1085 993 1170 1074 Apld
1193 994 1399 1055 statuendam

206 1097 354 1158 ducimur.
399 1096 609 1175 Comperimus
643 1096 724 1156 enim
755 1096 788 1155 id
819 1104 956 1175 tantum,
988 1103 1136 1173 quattuor
1162 1097 1278 1157 liberos
1308 1096 1401 1174 apud

206 1199 419 1278 Pherecydem
442 1199 600 1276 inignem
624 1199 780 1259 coniectos
803 1219 872 1260 esse
895 1207 927 1259 ct
950 1219 1028 1276 quae
1050 1199 1173 1261 nomina
1196 1199 1240 1259 eis
1265 1198 1399 1259 fuerint.

204 1302 289 1361 Hlud
312 1303 406 1362 etiam
429 1301 514 1380 Apld
535 1301 570 1361 H
591 1303 620 1380 4,
645 1304 693 1380 12,
718 1304 733 1360 1
758 1301 863 1381 tradit,
886 1302 942 1362 sed
963 1309 1028 1362 tres
1050 1309 1171 1362 tantum
1193 1301 1239 1378 (ΙΙ
1259 1303 1288 1379 4,
1307 1303 1397 1380 11,6

205 1411 236 1463 et
258 1404 292 1462 H
315 1405 342 1482 7,
365 1405 394 1482 8,
417 1405 450 1482 8)
472 1403 583 1483 habet,
613 1404 695 1464 inter
717 1424 794 1480 quos
815 1425 927 1482 unum,
959 1403 1046 1464 cuius
1068 1424 1179 1464 nomen
1202 1404 1285 1481 apud
1307 1403 1399 1463 Pher

209 1527 270 1567 non
293 1513 403 1584 exstat,
426 1514 458 1567 et
480 1506 550 1578 duo,
573 1507 627 1584 qui
650 1507 732 1586 apud
755 1527 824 1567 eum
846 1507 992 1585 Megarae
1014 1505 1072 1565 filii
1093 1513 1175 1584 sunt,
1197 1506 1280 1584 apud
1302 1506 1398 1566 illum

208 1629 246 1668 ex
270 1609 340 1670 aliis
362 1609 511 1670 uxoribus
534 1609 650 1670 sublati
672 1617 745 1670 sunt
768 1609 814 1685 (II
837 1611 864 1688 7,
887 1611 915 1687 8,
939 1610 957 1668 7
981 1616 1013 1668 et
1035 1609 1076 1684 8).

290 1899 388 1959 Porro
416 1899 450 1958 in
480 1899 536 1960 sch
558 1899 642 1978 Apln
663 1901 681 1960 Ι
705 1901 787 1960 1212
809 1899 1007 1977 Pherecydes
1039 1899 1088 1960 bis
1120 1899 1159 1958 de
1180 1899 1397 1979 Dryopum

207 2010 331 2080 gente
353 2001 497 2078 affertur;
520 2022 590 2062 cum
612 2009 715 2062 autem
736 2001 818 2061 liber
839 2003 918 2061 alter
939 2009 971 2062 et
991 2002 1103 2062 tertius
1117 2001 1271 2080 laudetur,
1294 2003 1395 2062 mani-

206 2104 320 2165 festum
336 2111 393 2174 est,
416 2124 486 2164 eum
503 2104 542 2164 de
557 2104 703 2166 Herculis
719 2103 811 2164 factis
827 2103 1029 2164 disserentem
1049 2104 1104 2164 illa
1127 2125 1394 2167 commemorasse.

207 2206 325 2267 Eadem
347 2207 431 2285 apud
452 2207 537 2287 Apld
558 2207 593 2266 H
615 2209 642 2286 7,
666 2209 693 2286 7,
718 2209 733 2266 1
751 2213 923 2267 narrantur.
959 2206 1064 2283 Atque
1079 2207 1233 2284 Georgius
1249 2207 1394 2305 Knaack,

206 2315 370 2388 postquam
398 2310 455 2370 soh
475 2310 560 2388 Apln
591 2309 669 2369 illud
699 2316 841 2370 accurate
872 2309 1019 2370 tractavit
1052 2313 1154 2380 (Herm
1176 2309 1292 2368 XXIII
1316 2313 1393 2389 139)

207 2413 394 2474 sententiam
422 2411 592 2492 proposuit,
622 2418 721 2472 totam
751 2409 945 2471 historiolam
974 2431 1012 2471 ex
1033 2410 1215 2488 Pherecyde
1238 2412 1392 2489 originem

205 2516 331 2577 duxisse
341 2507 380 2594 ¹),
412 2536 449 2576 ex
481 2535 541 2592 quo
564 2513 772 2575 Callimachus
801 2514 948 2575 hauserit.
999 2514 1085 2586 Quae
1116 2511 1218 2591 o'pinio
1248 2514 1277 2574 si
1306 2523 1395 2576 recte

205 2733 314 2789 machus
331 2733 475 2789 tradidisse
493 2732 596 2800 dicitur,
613 2732 689 2787 illum
706 2731 741 2788 ob
760 2747 819 2787 eam
837 2747 943 2787 eausam
960 2731 1132 2797 remansisse,
1149 2732 1222 2802 quod
1239 2732 1311 2803 Argo
1330 2750 1394 2790 eum

204 2819 274 2875 ferre
297 2836 351 2875 non
380 2820 479 2888 posset.
521 2817 589 2873 'l'um
612 2819 703 2888 pergit
726 2818 787 2873 sch:
821 2819 866 2871 καὶ
890 2817 1051 2877 Ποσίδιππος
1075 2814 1088 2869 ὅ
1115 2815 1395 2886 ἐπιγραμματογράφος

204 2934 369 3006 ἠκολούθησε
395 2938 439 2990 καὶ
457 2935 607 3005 Φερεκύδης
626 2905 697 3006 eloai,
716 2939 747 2992 ut
764 2937 792 2992 in
814 2937 864 2993 cod
876 2937 947 2992 Lam
963 2936 1092 2992 traditum
1103 2939 1151 2992 est
1178 2936 1395 3008 lehpcllodoro
1512 2939 1513 2944 ’

207 3027 296 3079 auum
314 3022 427 3088 scimus,
451 3022 631 3093 Pherecydem
650 3023 683 3078 de
699 3024 759 3079 loco
777 3039 837 3078 cum
853 3022 980 3088 Hesiodo,
1006 3022 1040 3077 de
1057 3038 1136 3078 causa
1154 3037 1213 3077 cum
1230 3023 1395 3080 Antimacho
1511 3023 1512 3050 ⁴

208 3109 369 3165 convenisse.
388 3107 468 3178 (llrgo
487 3108 544 3164 Hdt
560 3108 613 3163 Vll
631 3109 680 3166 193
698 3126 753 3165 non
769 3108 841 3164 Pher
857 3108 1036 3164 narrationem
1054 3107 1182 3178 sequitur,
1198 3112 1228 3162 ut
1245 3108 1339 3180 Heyne
1357 3110 1396 3166 ad
1510 3135 1511 3154 1

206 3195 264 3266 Ap
285 3194 333 3250 186
349 3193 414 3260 vult,
432 3193 480 3248 sed
497 3193 625 3259 Hesiodi)
661 3193 763 3261 Quodsi
781 3193 814 3250 de
831 3195 891 3250 loco
908 3196 1014 3248 tantum
1030 3194 1059 3249 in
1076 3195 1124 3250 sch
1141 3196 1288 3256 diceretur,
1316 3194 1395 3251 addi·
1509 3205 1510 3214 ¹

206 3282 355 3335 iumentum
372 3277 490 3348 Ἡσιόδῳ
507 3282 580 3335 recto
599 3283 697 3346 staret,
714 3281 745 3334 ut
761 3279 825 3334 Keil
847 3279 939 3335 voluit
980 3279 1033 3336 Sed
1058 3296 1118 3335 oum
1144 3282 1225 3335 etiam
1251 3279 1285 3335 de
1311 3295 1395 3338 cama
1508 3283 1509 3288 ’

206 3364 263 3419 illic
280 3381 323 3419 res
341 3365 384 3434 sit,
403 3364 513 3421 dubium
531 3367 574 3419 est
590 3367 678 3419 utrum
695 3364 742 3420 soh
760 3381 854 3435 parum
871 3366 993 3420 scemate
1010 3366 1114 3421 locutus
1133 3366 1215 3420 sitan
1226 3363 1287 3418 Ἡσ.
1301 3366 1396 3422 delen·
1507 3391 1508 3394 ¹

209 3449 272 3505 dum
290 3449 334 3510 sit.
369 3450 405 3505 At
422 3451 527 3506 accedit
543 3450 615 3520 quod
632 3450 661 3506 in
678 3451 712 3506 ed
729 3468 762 3521 pr
779 3450 989 3506 additamentum
1007 3454 1060 3506 nou
1077 3451 1197 3522 legimns.
1232 3452 1328 3522 Itaque
1346 3451 1396 3508 de-

209 3536 266 3590 lere
283 3535 375 3590 malim
392 3540 474 3606 atque
491 3537 532 3591 ita
549 3536 623 3592 schol
638 3535 843 3606 intelligendum
868 3539 941 3605 puto.
991 3535 1165 3592 Antimachus
1190 3538 1250 3592 ideo
1276 3537 1396 3606 affamur,
1505 3579 1506 3588 ι

211 3620 284 3691 quod
302 3620 335 3675 de
353 3637 433 3676 causa
450 3621 484 3678 ab
502 3621 620 3678 Hesiodo
638 3621 794 3687 dissentiat3
819 3620 886 3676 haec
908 3620 991 3690 igitur
1015 3623 1057 3676 est
1074 3622 1150 3691 quasi
1166 3625 1231 3678 nota
1249 3623 1284 3678 ad
1300 3640 1394 3680 narra·

207 3705 308 3761 donem
326 3705 496 3761 Hesiodeam.
530 3706 572 3761 Ad
591 3705 756 3774 desieritque
773 3706 856 3775 igitur
873 3704 1049 3776 supplendum
1067 3709 1116 3771 est,
1132 3707 1244 3778 utrique,
1262 3707 1340 3763 alteri
1358 3708 1394 3764 de

208 3790 282 3857 loco,
307 3790 385 3846 alteri
403 3791 436 3846 de
454 3808 540 3848 causa.
575 3792 613 3848 Ut
629 3795 719 3847 autem
737 3791 771 3846 ed
788 3807 821 3862 pr
838 3790 965 3846 momenti
983 3807 1041 3846 esse
1059 3794 1163 3861 putem,
1189 3808 1220 3847 eo
1244 3796 1394 3849 commotus

208 3891 274 3938 sum,
294 3876 366 3946 quod
384 3892 442 3931 eam
460 3893 540 3947 saepe
557 3893 609 3933 uon
627 3877 705 3932 modo
724 3877 800 3947 plura
818 3876 949 3941 exhihere,
973 3876 1021 3932 sed
1039 3877 1120 3932 stiam
1136 3878 1165 3932 in
1182 3878 1294 3947 singulis
1310 3878 1394 3935 rebus

209 3963 312 4016 rectum
330 3978 449 4017 servasse
466 3962 585 4017 ridemus
603 3962 642 4032 (oi
651 3962 704 4017 wil
716 3967 790 4014 Harl
808 3981 826 4033 p
840 3962 891 4018 187
902 3979 921 4018 u
935 3962 1002 4032 132).
1036 3961 1072 4016 ut
1089 3978 1249 4032 quamquam
1262 3963 1393 4020 editorem

208 4046 272 4101 Flor
289 4046 467 4117 interpolasse
484 4051 561 4118 patet
579 4048 618 4118 (oi
632 4047 674 4102 111
691 4047 749 4114 376,
766 4047 812 4103 uhi
831 4047 1029 4118 σχολιογράφους
1047 4049 1160 4106 afferens
1177 4050 1234 4119 ipse
1252 4050 1395 4118 concedit),

208 4133 299 4187 tamen
316 4132 430 4203 plurima
448 4149 479 4188 ex
497 4134 607 4204 antiquo
625 4133 767 4203 exemplari
791 4149 851 4188 eum
878 4133 999 4188 hausisse
1023 4134 1121 4190 elucet:
1150 4134 1178 4190 ci
1193 4135 1221 4189 ΙΙ
1240 4134 1320 4201 1244,
1346 4135 1394 4190 ubi

209 4216 361 4285 PindPi,
380 4217 430 4276 138
449 4218 534 4274 affert.
569 4217 630 4273 Alio
655 4218 714 4274 loco
740 4234 784 4274 me
806 4219 841 4274 ad
863 4220 932 4275 hanc
957 4220 1139 4288 quaestionem
1161 4221 1309 4275 rediturum
1333 4237 1394 4276 esse

209 4317 293 4372 spero,

296 4387 322 4458 1)
340 4388 416 4445 Idem
433 4391 486 4446 iam
504 4390 625 4446 voluerat
642 4388 665 4446 0
682 4389 796 4447 Mueller
813 4396 867 4445 Dor
884 4391 915 4447 1²
932 4391 982 4446 421
1000 4408 1018 4446 n
1035 4390 1059 4446 5.

16 4912 392 5028 μ
441 4652 803 5043 Vn
851 4708 1088 5044 ss
