3062 5070
334 745 435 807 Natus
470 767 539 808 sum
576 745 710 807 Carolus
737 745 891 807 Henricus
923 744 1101 806 Ludovicus
1133 743 1289 804 Luetke
1322 742 1431 802 Sedini
1525 741 1526 786 1

247 849 447 909 Pomeraniae
468 849 500 908 in
527 850 605 909 urbe
628 869 655 912 a.
677 849 706 909 h.
728 869 752 909 s.
775 849 893 909 LXIX.
915 848 966 908 die
987 847 1109 910 XVIII.
1125 867 1220 906 mens.
1242 847 1317 906 Dec.
1339 853 1432 924 patre
1525 869 1526 880 ¹

248 951 407 1013 Ludovico
426 951 581 1032 Eduardo,
609 971 700 1029 quem
722 960 794 1012 ante
816 952 872 1012 hos
895 949 1057 1012 duodecim
1079 969 1174 1011 annos
1197 950 1311 1009 acerba
1332 955 1433 1032 morte
1525 1007 1526 1012 ,

248 1055 325 1115 mihi
357 1061 497 1134 ereptum
528 1074 596 1115 esse
630 1073 815 1133 magnopere
847 1054 955 1133 lugeo,
989 1061 1087 1114 matre
1119 1051 1253 1112 Aemilia
1286 1071 1302 1110 e
1336 1056 1434 1128 gente
1525 1049 1526 1078 ¹

247 1157 471 1236 Pleischmann,
495 1177 555 1234 qua
577 1158 675 1218 laetor
705 1156 880 1235 superstite.
925 1155 1016 1216 Fidei
1047 1155 1223 1234 adscriptus
1245 1175 1314 1214 sum
1336 1173 1432 1215 evan·
1525 1139 1526 1202 l

254 1260 380 1338 gelioae.

332 1361 446 1423 Primis
474 1361 589 1422 litteris
617 1361 754 1422 imbutus
784 1361 856 1422 inde
888 1362 927 1422 ab
958 1382 984 1422 a.
1011 1359 1195 1422 LXXVIII.
1218 1379 1316 1437 usque
1340 1357 1381 1418 ad
1404 1379 1432 1418 a.

253 1464 450 1526 LXXXVII.
487 1464 689 1543 Gymnasium
724 1464 899 1525 Marianum
934 1462 1144 1542 frequentavi,
1182 1462 1264 1541 quod
1300 1461 1437 1522 florebat

144 1585 146 1590 ·
250 1567 397 1647 auspiciis
421 1567 554 1628 Gustavi
575 1567 731 1647 Weicker,
761 1567 822 1628 viri
842 1567 1064 1646 humanissimi,
1091 1574 1123 1627 et
1145 1586 1227 1626 nunc
1249 1564 1347 1625 floret.
1391 1565 1437 1622 Et
1525 1611 1526 1632 ,

250 1671 322 1731 huic
345 1678 377 1730 et
392 1653 508 1730 ¹Carolo
525 1668 669 1748 Oonradt,
692 1670 887 1749 praeceptori
903 1670 1112 1748 dilectissimo,
1135 1669 1302 1749 plurimum
1325 1667 1437 1727 debeo,
1525 1643 1526 1692 3

253 1774 410 1833 Autumno
424 1793 450 1834 a.
461 1773 659 1835 LXXXVII.
671 1773 861 1834 maturitatis
876 1773 1052 1834 testimonio
1068 1774 1239 1834 instructus
1254 1770 1438 1830 Berolinum
1525 1789 1526 1846 1

252 1897 301 1936 me
324 1876 448 1954 contuli,
470 1882 506 1936 11
527 1875 723 1954 philologieis
743 1882 774 1936 et
792 1876 1033 1954 archaeologicis
1050 1875 1163 1937 studiis
1179 1893 1303 1953 operam
1319 1872 1439 1933 darem.

254 1980 332 2040 Post
361 1979 421 2039 tria
452 1979 613 2040 semestris
635 1979 817 2058 Gottingam
837 1979 923 2059 petii.
966 1979 1031 2040 Ubi
1052 1987 1217 2058 postquam
1238 1996 1295 2056 per
1316 1975 1438 2054 septies
1525 1969 1526 2042 ζ

257 2102 313 2142 sex
327 2101 448 2142 menses
464 2081 581 2142 eisdem
597 2088 628 2142 et
643 2081 800 2142 historicis
815 2081 928 2143 studiis
945 2081 1068 2142 deditus
1083 2080 1136 2160 111,
1158 2077 1438 2156 Lichtenbergiam
1525 2055 1526 2128 l

256 2183 450 2262 Brunsvigae
471 2184 503 2244 in
525 2184 628 2247 vicum
649 2185 876 2266 transmigravi,
898 2196 934 2246 ut
954 2185 1043 2265 pueri
1064 2183 1218 2245 educandi
1238 2201 1350 2243 munus
1366 2200 1438 2241 sus-
1525 2181 1526 2186 ’

257 2287 397 2365 ciperem,
420 2308 479 2364 quo
501 2309 583 2350 nunc
605 2309 727 2367 quoque
748 2288 869 2367 fungor.

344 2389 525 2452 Doouorunt
546 2411 594 2452 me
615 2392 667 2452 hh.
693 2391 759 2452 dd:
788 2391 926 2470 Bastian,
953 2390 1106 2470 Brugsoh,
1128 2389 1262 2469 Curtius,
1283 2389 1440 2468 Deussen,
1525 2377 1526 2438 ss

254 2493 349 2572 Diels,
378 2493 501 2572 Erman,
531 2493 704 2573 thhhoff,
734 2494 904 2574 Michaelis,
936 2495 1064 2572 Robert,
1086 2494 1111 2554 I.
1134 2492 1282 2573 Schmidt,
1305 2492 1440 2572 Vahlen,
1525 2537 1526 2540 η

255 2596 403 2657 Wiloken
423 2596 657 2675 Berolinenses;
686 2597 825 2676 Dilthey,
855 2597 985 2677 Gercke,
1007 2598 1126 2676 Heyne,
1149 2596 1221 2674 Leo,
1243 2595 1294 2656 W.
1317 2595 1439 2676 Meyer,
1525 2673 1526 2678 η

254 2699 385 2778 Roethe,
415 2698 547 2779 Sauppe,
576 2699 731 2780 Weiland,
763 2701 801 2761 de
824 2697 1284 2763 Wilamowitz-Moellendorff
1311 2697 1439 2760 Gottin-

258 2821 378 2880 genses.
421 2801 472 2860 Ad
502 2803 739 2864 exercitationes
768 2802 973 2882 philologioas
998 2804 1062 2864 Leo
1093 2809 1124 2864 et
1156 2802 1195 2864 de
1217 2785 1439 2881 Wilamowitz,
1525 2844 1526 2862 1

261 2904 477 2984 epigraphioas
508 2905 546 2966 de
568 2906 785 2986 Wilamowitz,
815 2893 1089 2987 palaeographicae
1110 2907 1266 2985 Wilcken,
1289 2905 1439 2966 ercheco-

255 3008 372 3086 logicas
402 3008 549 3088 Dilthoy,
579 3009 742 3071 historicas
772 3009 920 3071 Weiland
950 3009 1084 3088 benigne
1114 3009 1233 3070 aditum
1260 3008 1336 3070 mihi
1364 3029 1439 3088 per·

255 3107 414 3172 miserunt.

342 3214 504 3275 Seminarii
538 3215 633 3293 Regii
675 3215 855 3295 philologici
890 3215 1107 3294 Gottingensis
1144 3215 1260 3276 sodalis
1296 3213 1343 3275 fui
1379 3234 1440 3293 per

258 3325 405 3395 quattuor
433 3319 595 3380 semestris
624 3319 738 3396 (senior
765 3340 822 3399 per
853 3321 933 3398 dno).
978 3319 1142 3381 Societatis
1171 3318 1438 3396 archaeologioae·
1525 3391 1526 3394 Ἴ

255 3420 468 3499 philologicae,
498 3421 548 3482 cui
577 3442 688 3483 nomen
719 3430 766 3484 est
788 3423 929 3503 Anomia,
951 3422 1089 3485 Berolini
1111 3430 1142 3484 et
1165 3421 1314 3483 Sodalicii
1334 3421 1436 3500 philo-

259 3522 353 3600 logici
375 3523 544 3602 Gottingae
566 3525 702 3586 sodalem
730 3545 779 3586 me
804 3524 901 3588 fuisse
922 3526 1063 3605 ingratus
1087 3546 1185 3587 essem
1211 3524 1243 3586 ni
1265 3522 1438 3604 profiterer.

344 3623 494 3686 Omnibus
516 3626 579 3688 illis
594 3627 679 3708 viriS,
702 3628 755 3706 qui
769 3648 817 3689 me
833 3627 1012 3708 docuerunt,
1031 3629 1131 3690 instas
1147 3648 1183 3689 ac
1198 3627 1320 3688 debitas
1335 3627 1437 3686 habeo
1525 3633 1526 3640 ’

258 3727 384 3806 gratias,
416 3749 508 3805 quam
529 3730 677 3792 maximas
699 3750 773 3792 vero
795 3732 905 3792 Oarolo
927 3732 1055 3811 Robert,
1081 3740 1156 3792 tunc
1178 3729 1380 3808 Berolinensi,
1405 3737 1439 3790 et

260 3831 518 3908 Gottingensibus
554 3832 701 3895 Udalrico
746 3834 785 3895 de
817 3833 1287 3912 Wilamowitz-Moellendorff,
1325 3832 1438 3894 Oarolo

259 3933 396 4014 Dilthoy,
423 3933 600 3997 Hermanno
623 3936 754 4017 Sauppe,
786 3959 876 4017 quem
904 3958 1003 4017 nuper
1025 3938 1183 4000 doctrinae
1205 3945 1345 4017 ereptum
1367 3957 1439 3998 esse

260 4036 369 4114 lugent
399 4056 502 4098 omnes
523 4038 682 4120 philologi.
726 4040 845 4114 Quibus
867 4041 943 4104 viris
965 4049 1114 4119 quantum
1136 4042 1264 4103 debeam
1285 4040 1345 4101 hoc
1366 4039 1438 4100 loco
1525 4035 1526 4092 ]

260 4145 296 4199 ut
317 4140 428 4200 vellem
448 4141 588 4219 profiteri
609 4163 670 4204 non
691 4163 825 4224 possum.
