3062 5070
627 378 837 436 ..53-

231 541 373 620 Denique
395 545 544 607 habemus
566 548 624 608 hoc
646 556 787 611 stemma:

262 637 265 644 ⁴
348 646 482 709 Alcaeus
749 653 869 716 Mestor

318 733 502 899 Ampliitryo
717 738 898 904 Hippithoe

739 911 878 1075 Tapirius

732 1168 894 1229 Pterelaus

723 1339 898 1418 Gomaetho,

140 1437 227 1514 atqui
256 1436 441 1517 Amphitryo
470 1439 512 1518 H,
535 1442 563 1518 4,
588 1443 657 1520 7,3
689 1451 809 1521 pugnat
843 1448 951 1503 contra
980 1442 1159 1503 Pterelaum
1191 1441 1318 1520 eiusque

140 1538 203 1599 filia
232 1543 322 1618 (quae
353 1548 515 1620 praeterea
544 1543 579 1603 H
600 1546 628 1622 4,
652 1545 722 1623 5,3
753 1566 814 1606 non
844 1545 1030 1622 nominatur)
1061 1543 1319 1624 Amphitryonem

135 1632 230 1703 amat.
275 1643 337 1703 Sed
353 1644 446 1704 etiam
460 1645 511 1706 hic
527 1646 735 1726 discrepantia
756 1649 881 1711 videtur
903 1649 1117 1727 conglutinata
1142 1667 1210 1709 esse
1225 1669 1317 1708 aureo

138 1745 190 1806 illo
221 1747 333 1826 capillo
360 1749 510 1828 Pterelai,
540 1771 600 1828 quo
632 1751 715 1828 quod
743 1752 779 1812 H
800 1755 829 1832 4,
853 1755 871 1813 7
902 1751 1080 1813 narrabitur
1108 1750 1197 1829 quasi
1229 1771 1317 1830 prae-

136 1856 273 1927 paratur.

221 1969 333 2048 Itaque
355 1973 537 2052 genealogia
560 1974 600 2035 ab
622 1975 858 2054 insequentibus
880 1975 1076 2054 segreganda
1093 1982 1149 2036 est.
1193 1975 1253 2036 Sed
1275 1994 1314 2035 ne

136 2073 330 2134 narrationes
353 2075 485 2156 quidem,
517 2097 595 2155 quae
618 2077 653 2137 H
674 2080 703 2156 4,
726 2081 754 2156 6,
780 2080 861 2138 1-5
884 2086 915 2138 et
936 2078 979 2157 H,
1001 2081 1030 2157 4,
1052 2081 1080 2156 6,
1106 2080 1199 2156 6-7,
1222 2077 1316 2138 5'ex-

11 2165 12 2174 ¹
135 2180 228 2251 stent,
255 2175 338 2236 inter
360 2198 393 2238 se
415 2185 500 2240 recte
523 2179 697 2242 cohaerent.
741 2181 820 2242 Nam
842 2189 878 2242 ut
899 2181 966 2242 Wil
988 2203 1037 2242 me
1059 2181 1178 2242 monuit
1200 2180 1314 2241 discre-

135 2284 213 2353 pant
234 2277 270 2336 H
290 2280 319 2357 4,
342 2283 370 2359 6,
393 2283 412 2341 3
436 2288 468 2343 et
489 2282 524 2342 H
545 2284 574 2360 4,
590 2284 618 2361 6,
634 2283 662 2344 6.
705 2283 756 2344 lbi
779 2284 860 2344 enirn
881 2285 1098 2363 Electryonem
1120 2283 1215 2343 liliam
1236 2281 1310 2341 Am-

135 2378 294 2458 phitryoni
315 2382 376 2442 iam
397 2384 429 2443 in
450 2385 677 2446 matrimonium
700 2385 795 2465 dedit,
824 2387 876 2448 hic
905 2393 1009 2448 autem
1038 2386 1067 2447 ei
1089 2406 1123 2447 se
1144 2391 1311 2464 nupturam

136 2501 203 2543 esse
225 2483 397 2565 pollicetur,
421 2488 474 2565 qui
495 2487 646 2551 Teleboas
669 2490 752 2551 ultus
774 2489 826 2551 sit.

221 2605 382 2668 Hactenus
403 2605 499 2684 igitur
521 2607 598 2669 satis
622 2617 706 2670 certo
736 2609 863 2688 procedi
889 2629 981 2689 posse
1009 2616 1093 2687 puto.
1144 2608 1207 2670 Sed
1228 2628 1310 2668 nunc

137 2727 204 2766 cum
227 2707 358 2769 velimus
381 2730 499 2789 eruere,
529 2711 604 2789 quid
625 2712 833 2791 Apollodorus
856 2720 928 2774 ante
950 2713 1055 2774 oculos
1077 2711 1228 2789 habuerit,
1259 2711 1310 2772 vel

139 2830 215 2885 quos
237 2809 340 2872 fontes
363 2812 556 2891 compilando
579 2799 813 2895 commiscuerit,
839 2815 1021 2876 diiudicatio
1043 2814 1120 2876 satis
1143 2819 1228 2874 certa
1249 2818 1311 2873 non

136 2910 234 2972 datur.
278 2914 357 2975 Nam
372 2916 504 2994 primum
518 2918 551 2977 in
565 2917 747 2996 genealogia
769 2925 801 2979 et
822 2919 899 2980 alios
923 2925 1064 2980 auctores
1086 2917 1177 2977 nimis
1194 2936 1310 2994 paucos

137 3013 286 3076 habemus
308 3038 408 3095 neque
430 3038 507 3097 quos
528 3019 679 3081 habemus
700 3020 762 3081 nisi
784 3020 917 3099 quadam
938 3021 971 3082 vi
992 3020 1025 3080 in
1053 3039 1235 3081 consensum
1261 3037 1309 3078 re-

135 3115 216 3178 ferre
238 3139 410 3197 possumus.
453 3121 533 3183 Nam
549 3122 696 3184 discimus
719 3144 757 3184 ex
779 3124 835 3185 sch
849 3124 876 3184 Τ
889 3123 930 3184 ad
949 3126 976 3182 Τ
988 3126 1048 3184 116
1072 3126 1215 3201 (quocum
1237 3140 1308 3182 con-

134 3218 236 3280 fusum
267 3241 375 3300 argum
406 3227 435 3282 Δ
455 3225 522 3286 Hes
544 3246 578 3286 sc
601 3247 640 3304 ap
661 3226 708 3286 Ra
738 3226 893 3302 convenit)
924 3225 1136 3306 Hippothoum
1164 3224 1308 3284 Pterelae

132 3323 283 3401 nupsisse.
326 3325 368 3385 Et
390 3326 449 3389 hoc
476 3327 569 3389 etiam
590 3328 779 3407 Apollodoro
809 3336 881 3389 ante
912 3330 1017 3391 oculos
1048 3327 1145 3389 fuisse
1175 3326 1309 3387 libenter

133 3427 336 3488 crederemus.
386 3428 467 3490 Nam
494 3437 561 3490 tum
587 3431 667 3491 bene
696 3431 953 3511 intellegeremus,
980 3431 1116 3493 Pterelai
1145 3429 1226 3490 filios
1253 3421 1307 3505 τὴν

133 3521 297 3607 Μήστορος
319 3525 413 3607 ἀρχὴν
427 3534 482 3592 τοῦ
498 3531 728 3614 μητροπάτορος
749 3553 911 3613 reposcere
933 3535 1000 3613 (ubi
1019 3534 1130 3614 Heyne
1152 3535 1206 3593 τοῦ
1222 3554 1305 3610 μητρ.

133 3629 234 3691 delere
264 3631 374 3708 voluit)
405 3640 437 3694 at
466 3634 545 3697 bene
576 3637 750 3716 quadraret,
780 3656 832 3698 eos
864 3643 970 3699 contra
999 3644 1128 3716 patruos
1158 3657 1305 3716 pugnare.

132 3731 209 3793 Tum
223 3733 320 3812 igitur
335 3735 507 3818 Neptunus,
530 3761 548 3800 a
571 3761 630 3817 quo
645 3740 857 3820 Hippothoum
878 3740 911 3799 in
932 3739 1159 3801 matrimonium
1181 3740 1306 3800 ductam

131 3855 198 3896 esse
229 3844 261 3896 et
284 3837 491 3916 Apollodorus
522 3849 554 3903 et
582 3841 762 3904 Herodorus
796 3842 937 3921 tradunt,
968 3850 1022 3904 aut
1052 3843 1174 3904 omnino
1202 3863 1305 3920 segre-

13 3985 14 4020 ,
130 3937 251 4015 gandus
283 3946 332 4001 est
364 3949 419 4003 aut
449 3944 661 4023 Hippothoam
692 3951 817 4024 praeter
847 3946 1009 4006 mortalem
1041 3944 1135 4006 etiam
1166 3944 1305 4006 divinum

130 4041 274 4102 maritum
295 4043 442 4107 habuisse
463 4047 653 4108 sumendum.
698 4047 760 4110 Sed
782 4046 903 4109 accedit
925 4046 980 4109 sch
995 4047 1111 4127 AplnI
1130 4049 1200 4108 747.
1243 4044 1310 4108 Hic‘

130 4144 211 4204 enim
232 4145 382 4206 traditum
404 4156 467 4210 est:
490 4148 559 4231 napi
581 4147 613 4210 δὲ
635 4153 688 4228 τῆς
709 4143 804 4228 μάχης
823 4142 993 4229 Ἡρόδωρος
1015 4149 1126 4228 ἱστορεῖ
1144 4154 1215 4224 κτλ,
1238 4158 1305 4211 tum

129 4247 269 4326 sequitur
290 4256 428 4331 stemma,
454 4251 487 4311 in
509 4272 569 4330 quo
591 4254 688 4315 verba
710 4261 856 4333 corrupta
877 4260 959 4333 sunt,
981 4261 1046 4315 tum
1069 4253 1108 4313 de
1130 4274 1236 4332 pugna
1257 4254 1303 4314 di·

129 4349 222 4412 citur:
253 4345 443 4426 ἀποστάντες
471 4358 530 4415 κτλ.
583 4355 696 4416 Elucet
724 4355 821 4434 igitur
843 4358 939 4418 verba
968 4355 1041 4416 inde
1062 4376 1081 4416 a
1103 4353 1169 4436 περὶ
1192 4352 1225 4416 δὲ
1251 4359 1305 4433 τῆς

128 4447 223 4532 μάχης
244 4474 343 4532 usque
365 4456 405 4517 ad
427 4449 619 4542 ἀνῃρέθησαν
646 4451 698 4517 ὑπ’
721 4453 821 4519 αὐτῶν
842 4458 1003 4521 Herodoro
1033 4457 1199 4521 tribuenda
1228 4479 1304 4522 esse.
