3062 5070
611 358 804 416 -3-

99 547 168 586 non
201 527 246 588 ita
274 528 369 605 plane
392 527 583 604 sequendam
608 549 685 608 esse,
719 537 755 588 ut
776 529 817 588 M.
842 527 926 607 fecit,
947 547 1005 606 per
1025 547 1059 588 se
1080 534 1177 606 patet.
1220 526 1301 588 Nam

101 637 143 690 ut
175 633 310 692 maiores
342 638 463 691 tanturn
493 629 667 692 fabularum
699 632 788 709 quasi
818 651 945 693 acervos
974 650 1215 708 commemorem,
1248 651 1289 707 qu

103 754 168 809 quo
199 735 267 794 loco
291 733 375 812 apud
396 733 609 812 Pherecydem
635 733 709 796 lecti
731 733 848 794 fuerint
870 734 993 812 scimus,
1024 732 1146 794 fabulas
1169 733 1237 793 dico
1261 732 1301 792 de

103 835 246 895 Hercule
278 836 395 896 Cadmo
418 835 617 916 Argonautis,
648 836 731 916 apud
760 837 817 897 Ph
843 837 992 898 habemus
1015 836 1125 898 Cadmi
1154 835 1300 896 historias

103 938 173 1016 (lib.
196 938 252 999 IV.
269 946 301 999 et
316 939 365 1015 V.)
387 945 458 1018 post
481 939 627 1000 Herculis
644 939 850 1019 (potissimum
873 941 891 999 l.
920 939 975 1015 Π.)
997 947 1029 1000 ct
1051 947 1123 1000 ante
1137 938 1300 1016 Argonau-

104 1048 212 1100 tarum
250 1041 280 1117 (l.
316 1041 371 1102 VI.
409 1050 441 1102 et
476 1042 577 1122 VH),
616 1043 699 1122 apud
735 1041 958 1121 Apollodorum
995 1048 1098 1103 autem
1133 1041 1301 1102 Herculem

105 1144 138 1220 (l.
177 1144 233 1220 II.)
278 1151 351 1222 post
388 1144 588 1223 Argonautas
634 1146 666 1222 (l.
703 1146 740 1222 I.)
784 1152 816 1205 et
857 1151 929 1206 ante
967 1144 1116 1205 Cadmum
1153 1148 1183 1221 (.
1219 1144 1301 1221 HL).

104 1246 199 1305 Idem
231 1245 270 1305 de
299 1246 432 1324 singulis
467 1248 561 1308 rebus
594 1248 800 1309 demonstrari
834 1254 926 1324 atque
958 1247 1132 1309 accuratius
1163 1267 1227 1306 rem
1256 1247 1301 1305 ita

105 1369 178 1408 esse
203 1349 350 1409 contendi
370 1371 463 1428 posse
480 1356 565 1429 put0,
589 1350 649 1411 nisi
664 1349 872 1429 Apollodorus
888 1350 1073 1427 ubicumque
1088 1349 1301 1427 Pherecydem

105 1449 203 1510 affert
235 1451 308 1511 libri
339 1473 499 1513 numerum
531 1453 693 1514 omisisset.
744 1451 875 1513 Omnino
905 1459 1009 1512 autem
1040 1473 1079 1513 ne
1111 1452 1144 1511 in
1177 1452 1235 1512 hac
1266 1471 1300 1511 re

104 1553 208 1613 multo
237 1553 338 1631 magis
367 1555 528 1616 nesciendi
560 1575 610 1616 ars
640 1556 812 1616 exercenda
838 1554 881 1615 sit
902 1555 1004 1633 timeo,
1036 1575 1128 1632 quam
1150 1554 1191 1615 M.
1215 1553 1301 1632 fecit,

4 1707 5 1742 ,
106 1656 162 1732 qui
186 1656 376 1718 omniafere
399 1657 537 1718 frustula
561 1666 646 1719 certo
669 1659 792 1719 cuidam
813 1659 894 1719 libro
920 1657 1096 1736 adscripsit.

196 1760 309 1820 Totum
332 1760 465 1838 denique
488 1761 632 1821 Muelleri
655 1782 733 1841 opus
755 1760 1004 1840 respicientibus,
1030 1761 1145 1839 quippe
1169 1759 1223 1837 qui
1244 1780 1299 1838 pro

104 1862 230 1922 ratione
258 1863 412 1939 modoque
444 1863 519 1925 libri
551 1864 601 1924 sui
631 1864 847 1925 adnotationes
869 1863 930 1924 nisi
949 1882 1064 1942 parvas
1085 1861 1221 1940 adfigere
1239 1882 1300 1922 non

105 1965 218 2044 soleat,
242 1965 408 2025 dicendum
432 1985 501 2026 esse
523 1974 607 2044 puto,
630 1966 672 2026 Μ.
686 1966 849 2028 scientiam
872 1965 910 2026 de
924 1965 1106 2044 Pherecydc
1125 1986 1186 2025 non
1202 1965 1300 2024 multo

4 2111 5 2128 2
104 2066 210 2144 magis
233 2066 391 2130 adiuvisse
417 2089 510 2146 quam
534 2069 624 2129 Stura
647 2069 731 2149 fecit,
758 2069 845 2130 cuius
867 2067 1003 2146 vestigia
1025 2088 1118 2147 saepe
1140 2067 1232 2128 nimis
1254 2067 1299 2126 in-

4 2201 6 2228 r
108 2179 203 2230 caute
224 2171 349 2249 pressit.
382 2172 494 2249 Itaque
517 2172 642 2233 minime
666 2172 908 2252 exspectandum
925 2178 981 2251 cst,
1002 2173 1187 2232 Muellerum
1210 2190 1301 2248 quem

4 2341 5 2348 ,
107 2275 214 2334 locum
244 2281 354 2334 auctor
383 2274 416 2334 in
446 2274 577 2335 historia
599 2273 733 2336 fabulari
754 2283 786 2336 et
808 2275 962 2336 litteraria
984 2283 1090 2336 teneat
1112 2275 1291 2335 enucleasse

199 2377 287 2451 Quae
318 2397 387 2438 oum
415 2378 462 2437 ita
490 2377 562 2456 sint,
592 2378 745 2440 neminem
770 2386 845 2457 puto
876 2378 1091 2438 dubitaturum
1113 2397 1189 2454 esse,
1219 2377 1302 2454 quin·

108 2503 195 2544 nova
216 2480 460 2558 fragmentorum
475 2482 667 2560 Pherecydis
690 2481 825 2543 editione
848 2502 925 2560 opus
946 2481 996 2541 sit.
1032 2480 1136 2558 Atque
1151 2479 1301 2540 Udalrioo

106 2586 148 2645 de
170 2583 383 2646 Wilamowitz
413 2584 612 2663 praeceptori
635 2605 712 2663 meo,
743 2585 797 2662 qui
826 2592 862 2645 ut
892 2584 1008 2664 passim
1029 2583 1154 2663 publice
1178 2586 1235 2659 (ex.
1259 2603 1305 2659 gr.

102 2689 185 2748 hom.
218 2695 336 2747 untcrs.
367 2688 441 2763 376)
466 2687 512 2748 ita
544 2688 578 2747 in
611 2687 727 2750 scholis
760 2695 881 2748 aestate
913 2708 938 2748 a.
964 2688 1045 2746 1889
1075 2685 1193 2746 habitis
1223 2685 1304 2744 hunc

4 2815 5 2822 ¹
104 2793 248 2866 laborem
277 2789 514 2868 suscipiendum
539 2810 607 2851 csse
635 2790 862 2869 pronunciavit,
885 2790 992 2867 debeo,
1023 2789 1105 2866 quod
1128 2787 1168 2848 ad
1189 2788 1304 2847 Phere-

106 2894 220 2971 cydem
252 2893 453 2954 tractandum
488 2913 537 2953 me
567 2892 695 2955 accinxi.
741 2893 804 2953 Sed
831 2892 1011 2972 priusquam
1034 2893 1074 2953 ad
1095 2890 1187 2951 finem
1210 2911 1304 2967 quen-

4 2991 5 3082 l
107 2997 182 3056 dam
213 2995 401 3074 perveniam,
432 3015 560 3056 necesse
593 2996 652 3056 erit
677 3016 739 3056 non
762 2997 861 3056 solum
884 2995 987 3056 omnia
1010 2994 1195 3072 examinare,
1226 3013 1305 3070 quae

4 3139 6 3154 >
110 3100 150 3158 de
180 3097 364 3176 Pherecyde
397 3099 515 3177 scripta
548 3103 671 3178 suntl),
702 3099 758 3160 sed
790 3099 884 3160 etiam
916 3106 1015 3159 totam
1047 3097 1112 3158 fere
1142 3096 1303 3156 historiam

4 3193 5 3202 ¹
107 3202 285 3264 fabularem
305 3202 492 3281 perquirere.
530 3202 609 3264 Cum
630 3210 733 3263 autem
756 3209 879 3281 tempus
901 3222 962 3262 non
984 3201 1030 3261 ita
1053 3201 1161 3279 procul
1176 3219 1195 3258 a
1208 3198 1299 3259 nobis

4 3349 5 3380 3
109 3307 203 3384 absit,
225 3305 299 3364 inde
322 3325 340 3364 a
363 3326 422 3382 quo
444 3304 570 3365 fabulae
591 3311 678 3366 recta
699 3305 751 3367 via
773 3325 809 3366 ac
831 3304 951 3365 ratione
973 3309 1154 3381 tractantur,
1186 3303 1236 3363 vel
1260 3337 1299 3346 -

109 3406 246 3469 fortasse
276 3408 394 3468 rectius
415 3443 459 3452 -
480 3409 580 3468 denuo
610 3414 793 3487 tractantur,
822 3428 936 3485 magna
966 3427 1039 3467 cura
1067 3405 1217 3482 laborque
1243 3404 1299 3463 im-

4 3517 5 3520 ’
109 3510 295 3590 pendendus
318 3511 385 3589 erit,
411 3511 590 3589 priusquam
612 3511 722 3572 melius
745 3512 784 3571 de
805 3508 987 3588 Pherecydc
1009 3508 1157 3569 instructi
1179 3507 1293 3567 erimus

108 3615 138 3676 si
170 3614 293 3674 omnino
324 3622 453 3675 eventus
483 3635 546 3675 non
567 3614 667 3674 minor
688 3613 748 3675 crit
770 3634 862 3691 quam
883 3633 955 3692 spes
977 3611 1213 3691 philologorum,
1246 3610 1297 3672 vel

108 3717 216 3796 potius
238 3717 328 3778 labor
350 3717 447 3778 maior
469 3738 561 3794 quam
583 3717 666 3778 vires
687 3737 803 3788 meae„

199 3820 291 3882 Nunc
307 3821 431 3898 quidem
442 3841 558 3900 paucas
569 3827 691 3881 tantum
707 3819 905 3898 quaestiones
915 3818 1080 3880 instituere
1090 3816 1122 3876 in
1134 3815 1234 3876 animo
1248 3820 1305 3875 est.

200 4007 225 4075 1)
244 4006 354 4061 Praeter
376 4007 475 4062 multos
498 4007 543 4062 hh.
560 4006 613 4075 od,
639 4007 685 4076 qui
711 4006 849 4061 occasione
875 4003 937 4060 data
954 4002 994 4072 „ds
1012 4003 1124 4072 singulis
1144 3999 1303 4069 fragmentis

111 4092 241 4158 dixerunt,
258 4109 328 4147 unus
346 4093 375 4147 ni
393 4093 472 4148 lallor
484 4092 593 4148 Carolus
606 4091 709 4147 Robert
720 4092 798 4162 plura
811 4090 961 4161 composuit
974 4090 1003 4143 in
1021 4088 1083 4146 diss.
1100 4087 1134 4142 de
1147 4084 1304 4156 Apollodori

110 4178 285 4233 bibliotheca,
319 4179 439 4233 Berolini
458 4179 531 4234 1873.
