<?xml version="1.0" encoding="UTF-8"?>
<!DOCTYPE html PUBLIC "-//W3C//DTD XHTML 1.0 Transitional//EN"
    "http://www.w3.org/TR/xhtml1/DTD/xhtml1-transitional.dtd">
<html xmlns="http://www.w3.org/1999/xhtml" xml:lang="en" lang="en">
 <head>
  <title>
</title>
<meta http-equiv="Content-Type" content="text/html;charset=utf-8" />
  <meta name='ocr-system' content='tesseract 3.04.00' />
  <meta name='ocr-capabilities' content='ocr_page ocr_carea ocr_par ocr_line ocrx_word'/>
</head>
<body>
  <div class='ocr_page' id='page_1' title='image "./pherecydea00luetgoog_0011.png"; bbox 0 0 3062 5070; ppageno 0'>
   <div class='ocr_carea' id='block_1_1' title="bbox 736 343 927 400">
    <p class='ocr_par' dir='ltr' id='par_1_1' title="bbox 736 343 927 400">
     <span class='ocr_line' id='line_1_1' title="bbox 736 343 927 400; baseline 0.005 -13"><span class='ocrx_word' id='word_1_1' title='bbox 736 343 927 400; x_wconf 64' lang='grc'>..2-</span> 
     </span>
    </p>
   </div>
   <div class='ocr_carea' id='block_1_2' title="bbox 238 511 1517 4482">
    <p class='ocr_par' dir='ltr' id='par_1_2' title="bbox 239 511 1439 796">
     <span class='ocr_line' id='line_1_2' title="bbox 239 511 1437 588; baseline 0.003 -18"><span class='ocrx_word' id='word_1_2' title='bbox 239 515 293 588; x_wconf 85' lang='lat'>(=</span> <span class='ocrx_word' id='word_1_3' title='bbox 313 511 362 574; x_wconf 88' lang='lat' dir='ltr'>IV</span> <span class='ocrx_word' id='word_1_4' title='bbox 384 513 477 574; x_wconf 84' lang='lat' dir='ltr'>639b</span> <span class='ocrx_word' id='word_1_5' title='bbox 500 513 546 588; x_wconf 85' lang='lat' dir='ltr'>M)</span> <span class='ocrx_word' id='word_1_6' title='bbox 569 513 601 572; x_wconf 90' lang='lat' dir='ltr'>in</span> <span class='ocrx_word' id='word_1_7' title='bbox 632 512 756 574; x_wconf 82' lang='lat' dir='ltr'>LVIII</span> <span class='ocrx_word' id='word_1_8' title='bbox 787 513 826 572; x_wconf 90' lang='lat' dir='ltr'>de</span> <span class='ocrx_word' id='word_1_9' title='bbox 848 513 951 573; x_wconf 80' lang='lat' dir='ltr'>Nioba</span> <span class='ocrx_word' id='word_1_10' title='bbox 981 519 1140 573; x_wconf 88' lang='lat' dir='ltr'>narratum</span> <span class='ocrx_word' id='word_1_11' title='bbox 1172 534 1239 574; x_wconf 90' lang='lat' dir='ltr'>esse</span> <span class='ocrx_word' id='word_1_12' title='bbox 1271 515 1437 575; x_wconf 89' lang='lat' dir='ltr'>docemur.</span> 
     </span>
     <span class='ocr_line' id='line_1_3' title="bbox 239 613 1439 694; baseline 0.002 -21"><span class='ocrx_word' id='word_1_13' title='bbox 239 613 382 691; x_wconf 92' lang='lat' dir='ltr'>Denique</span> <span class='ocrx_word' id='word_1_14' title='bbox 418 614 540 675; x_wconf 85' lang='lat' dir='ltr'>fabulas</span> <span class='ocrx_word' id='word_1_15' title='bbox 578 615 617 675; x_wconf 90' lang='lat' dir='ltr'>de</span> <span class='ocrx_word' id='word_1_16' title='bbox 649 615 764 694; x_wconf 80' lang='lat' dir='ltr'>Pelope</span> <span class='ocrx_word' id='word_1_17' title='bbox 797 635 835 675; x_wconf 86' lang='lat' dir='ltr'>ex</span> <span class='ocrx_word' id='word_1_18' title='bbox 864 615 1044 693; x_wconf 92' lang='lat' dir='ltr'>Pherecyde</span> <span class='ocrx_word' id='word_1_19' title='bbox 1075 616 1208 677; x_wconf 89' lang='lat' dir='ltr'>traditas</span> <span class='ocrx_word' id='word_1_20' title='bbox 1240 617 1279 677; x_wconf 88' lang='lat' dir='ltr'>ad</span> <span class='ocrx_word' id='word_1_21' title='bbox 1311 617 1439 677; x_wconf 92' lang='lat' dir='ltr'>librum</span> 
     </span>
     <span class='ocr_line' id='line_1_4' title="bbox 239 716 1302 796; baseline 0.003 -20"><span class='ocrx_word' id='word_1_22' title='bbox 239 717 409 776; x_wconf 87' lang='lat' dir='ltr'>secundum</span> <span class='ocrx_word' id='word_1_23' title='bbox 431 716 534 796; x_wconf 85' lang='lat' dir='ltr'>refert,</span> <span class='ocrx_word' id='word_1_24' title='bbox 556 738 618 778; x_wconf 93' lang='lat' dir='ltr'>non</span> <span class='ocrx_word' id='word_1_25' title='bbox 640 724 733 796; x_wconf 89' lang='lat' dir='ltr'>recte,</span> <span class='ocrx_word' id='word_1_26' title='bbox 755 725 790 778; x_wconf 92' lang='lat' dir='ltr'>ut</span> <span class='ocrx_word' id='word_1_27' title='bbox 812 718 904 796; x_wconf 89' lang='lat' dir='ltr'>paulo</span> <span class='ocrx_word' id='word_1_28' title='bbox 926 716 1009 777; x_wconf 88' lang='lat' dir='ltr'>infra</span> <span class='ocrx_word' id='word_1_29' title='bbox 1032 719 1302 780; x_wconf 79' lang='lat' dir='ltr'><strong>demonstrabitur.</strong></span> 
     </span>
    </p>

    <p class='ocr_par' dir='ltr' id='par_1_3' title="bbox 238 820 1439 2029">
     <span class='ocr_line' id='line_1_5' title="bbox 325 820 1439 899; baseline -0.001 -19"><span class='ocrx_word' id='word_1_30' title='bbox 325 820 387 880; x_wconf 88' lang='lat' dir='ltr'>Sed</span> <span class='ocrx_word' id='word_1_31' title='bbox 408 841 469 881; x_wconf 92' lang='lat' dir='ltr'>non</span> <span class='ocrx_word' id='word_1_32' title='bbox 492 821 600 898; x_wconf 85' lang='lat' dir='ltr'>solum,</span> <span class='ocrx_word' id='word_1_33' title='bbox 623 821 705 898; x_wconf 91' lang='lat' dir='ltr'>quod</span> <span class='ocrx_word' id='word_1_34' title='bbox 720 828 863 882; x_wconf 85' lang='lat' dir='ltr'>auctores</span> <span class='ocrx_word' id='word_1_35' title='bbox 885 840 947 880; x_wconf 92' lang='lat' dir='ltr'>non</span> <span class='ocrx_word' id='word_1_36' title='bbox 969 821 1023 899; x_wconf 91' lang='lat' dir='ltr'>ita,</span> <span class='ocrx_word' id='word_1_37' title='bbox 1046 829 1082 881; x_wconf 93' lang='lat' dir='ltr'>ut</span> <span class='ocrx_word' id='word_1_38' title='bbox 1104 842 1161 882; x_wconf 92' lang='lat' dir='ltr'>nos</span> <span class='ocrx_word' id='word_1_39' title='bbox 1176 820 1278 899; x_wconf 90' lang='lat' dir='ltr'>hodie,</span> <span class='ocrx_word' id='word_1_40' title='bbox 1299 821 1439 899; x_wconf 89' lang='lat' dir='ltr'>legebat</span> 
     </span>
     <span class='ocr_line' id='line_1_6' title="bbox 239 921 1437 1002; baseline 0.002 -21"><span class='ocrx_word' id='word_1_41' title='bbox 239 929 294 982; x_wconf 91' lang='lat' dir='ltr'>aut</span> <span class='ocrx_word' id='word_1_42' title='bbox 316 923 399 999; x_wconf 92' lang='lat' dir='ltr'>quod</span> <span class='ocrx_word' id='word_1_43' title='bbox 418 921 593 1001; x_wconf 89' lang='lat' dir='ltr'>fragmenta</span> <span class='ocrx_word' id='word_1_44' title='bbox 607 944 669 983; x_wconf 91' lang='lat' dir='ltr'>non</span> <span class='ocrx_word' id='word_1_45' title='bbox 684 943 784 1002; x_wconf 67' lang='lat' dir='ltr'>pauca</span> <span class='ocrx_word' id='word_1_46' title='bbox 799 923 911 1002; x_wconf 90' lang='lat' dir='ltr'>omisit,</span> <span class='ocrx_word' id='word_1_47' title='bbox 934 923 1048 983; x_wconf 85' lang='lat' dir='ltr'>Sturzii</span> <span class='ocrx_word' id='word_1_48' title='bbox 1065 924 1206 985; x_wconf 82' lang='lat' dir='ltr'>collectio</span> <span class='ocrx_word' id='word_1_49' title='bbox 1223 945 1284 984; x_wconf 92' lang='lat' dir='ltr'>non</span> <span class='ocrx_word' id='word_1_50' title='bbox 1299 922 1437 1002; x_wconf 84' lang='lat' dir='ltr'>sufficit,</span> 
     </span>
     <span class='ocr_line' id='line_1_7' title="bbox 242 1025 1438 1105; baseline 0.002 -21"><span class='ocrx_word' id='word_1_51' title='bbox 242 1025 298 1085; x_wconf 89' lang='lat' dir='ltr'>sed</span> <span class='ocrx_word' id='word_1_52' title='bbox 320 1025 413 1086; x_wconf 91' lang='lat' dir='ltr'>otiam</span> <span class='ocrx_word' id='word_1_53' title='bbox 436 1026 520 1103; x_wconf 91' lang='lat' dir='ltr'>quod</span> <span class='ocrx_word' id='word_1_54' title='bbox 539 1027 776 1088; x_wconf 86' lang='lat' dir='ltr'>commentarius</span> <span class='ocrx_word' id='word_1_55' title='bbox 800 1027 838 1086; x_wconf 91' lang='lat' dir='ltr'>ab</span> <span class='ocrx_word' id='word_1_56' title='bbox 855 1045 890 1086; x_wconf 93' lang='lat' dir='ltr'>eo</span> <span class='ocrx_word' id='word_1_57' title='bbox 906 1025 1032 1086; x_wconf 88' lang='lat' dir='ltr'>additus</span> <span class='ocrx_word' id='word_1_58' title='bbox 1047 1047 1109 1087; x_wconf 90' lang='lat' dir='ltr'>non</span> <span class='ocrx_word' id='word_1_59' title='bbox 1125 1026 1159 1085; x_wconf 89' lang='lat' dir='ltr'>id</span> <span class='ocrx_word' id='word_1_60' title='bbox 1172 1033 1321 1105; x_wconf 79' lang='lat' dir='ltr'>praestat,</span> <span class='ocrx_word' id='word_1_61' title='bbox 1344 1027 1438 1104; x_wconf 92' lang='lat' dir='ltr'>quod</span> 
     </span>
     <span class='ocr_line' id='line_1_8' title="bbox 238 1128 1437 1206; baseline 0.002 -21"><span class='ocrx_word' id='word_1_62' title='bbox 238 1147 320 1187; x_wconf 93' lang='lat' dir='ltr'>nunc</span> <span class='ocrx_word' id='word_1_63' title='bbox 349 1128 569 1206; x_wconf 89' lang='lat' dir='ltr'>postulandum</span> <span class='ocrx_word' id='word_1_64' title='bbox 598 1137 654 1188; x_wconf 91' lang='lat' dir='ltr'>est.</span> <span class='ocrx_word' id='word_1_65' title='bbox 698 1129 778 1189; x_wconf 91' lang='lat' dir='ltr'>Nam</span> <span class='ocrx_word' id='word_1_66' title='bbox 807 1128 941 1206; x_wconf 92' lang='lat' dir='ltr'>primum</span> <span class='ocrx_word' id='word_1_67' title='bbox 963 1129 1095 1189; x_wconf 93' lang='lat' dir='ltr'>multum</span> <span class='ocrx_word' id='word_1_68' title='bbox 1118 1130 1215 1206; x_wconf 90' lang='lat' dir='ltr'>abest,</span> <span class='ocrx_word' id='word_1_69' title='bbox 1246 1137 1281 1188; x_wconf 95' lang='lat' dir='ltr'>ut</span> <span class='ocrx_word' id='word_1_70' title='bbox 1305 1149 1437 1188; x_wconf 89' lang='lat' dir='ltr'>omnem</span> 
     </span>
     <span class='ocr_line' id='line_1_9' title="bbox 239 1230 1436 1311; baseline 0.002 -23"><span class='ocrx_word' id='word_1_71' title='bbox 239 1230 399 1290; x_wconf 80' lang='lat' dir='ltr'>materiem</span> <span class='ocrx_word' id='word_1_72' title='bbox 422 1230 543 1311; x_wconf 87' lang='lat' dir='ltr'>afferat,</span> <span class='ocrx_word' id='word_1_73' title='bbox 572 1252 610 1292; x_wconf 85' lang='lat' dir='ltr'>ex</span> <span class='ocrx_word' id='word_1_74' title='bbox 633 1231 755 1308; x_wconf 91' lang='lat' dir='ltr'>quade</span> <span class='ocrx_word' id='word_1_75' title='bbox 778 1230 892 1291; x_wconf 88' lang='lat' dir='ltr'>fabulis</span> <span class='ocrx_word' id='word_1_76' title='bbox 914 1230 1124 1309; x_wconf 85' lang='lat' dir='ltr'>Pherecydeis</span> <span class='ocrx_word' id='word_1_77' title='bbox 1147 1232 1346 1291; x_wconf 89' lang='lat' dir='ltr'>iudicandum</span> <span class='ocrx_word' id='word_1_78' title='bbox 1370 1239 1436 1309; x_wconf 84' lang='lat' dir='ltr'>est,</span> 
     </span>
     <span class='ocr_line' id='line_1_10' title="bbox 240 1332 1437 1412; baseline 0.002 -22"><span class='ocrx_word' id='word_1_79' title='bbox 240 1338 334 1408; x_wconf 91' lang='lat' dir='ltr'>atque</span> <span class='ocrx_word' id='word_1_80' title='bbox 367 1342 476 1394; x_wconf 91' lang='lat' dir='ltr'>contra</span> <span class='ocrx_word' id='word_1_81' title='bbox 497 1335 596 1394; x_wconf 87' lang='lat' dir='ltr'>multa</span> <span class='ocrx_word' id='word_1_82' title='bbox 617 1332 744 1412; x_wconf 84' lang='lat' dir='ltr'>profert,</span> <span class='ocrx_word' id='word_1_83' title='bbox 776 1354 855 1410; x_wconf 90' lang='lat' dir='ltr'>quae</span> <span class='ocrx_word' id='word_1_84' title='bbox 877 1353 976 1410; x_wconf 93' lang='lat' dir='ltr'>neque</span> <span class='ocrx_word' id='word_1_85' title='bbox 998 1333 1191 1412; x_wconf 80' lang='lat' dir='ltr'>Pherecydis</span> <span class='ocrx_word' id='word_1_86' title='bbox 1214 1335 1309 1393; x_wconf 91' lang='lat' dir='ltr'>verba</span> <span class='ocrx_word' id='word_1_87' title='bbox 1330 1333 1437 1393; x_wconf 91' lang='lat' dir='ltr'>inter-</span> 
     </span>
     <span class='ocr_line' id='line_1_11' title="bbox 241 1434 1438 1516; baseline 0 -22"><span class='ocrx_word' id='word_1_88' title='bbox 241 1442 412 1516; x_wconf 89' lang='lat' dir='ltr'>pretantur,</span> <span class='ocrx_word' id='word_1_89' title='bbox 435 1457 535 1514; x_wconf 91' lang='lat' dir='ltr'>neque</span> <span class='ocrx_word' id='word_1_90' title='bbox 557 1457 608 1497; x_wconf 88' lang='lat' dir='ltr'>res</span> <span class='ocrx_word' id='word_1_91' title='bbox 631 1437 670 1497; x_wconf 90' lang='lat' dir='ltr'>ab</span> <span class='ocrx_word' id='word_1_92' title='bbox 694 1457 730 1497; x_wconf 91' lang='lat' dir='ltr'>eo</span> <span class='ocrx_word' id='word_1_93' title='bbox 753 1436 885 1496; x_wconf 89' lang='lat' dir='ltr'>traditas</span> <span class='ocrx_word' id='word_1_94' title='bbox 907 1437 1007 1514; x_wconf 88' lang='lat' dir='ltr'>magis</span> <span class='ocrx_word' id='word_1_95' title='bbox 1030 1435 1182 1496; x_wconf 88' lang='lat' dir='ltr'>dilucidas</span> <span class='ocrx_word' id='word_1_96' title='bbox 1205 1434 1348 1513; x_wconf 90' lang='lat' dir='ltr'>reddunt,</span> <span class='ocrx_word' id='word_1_97' title='bbox 1372 1435 1438 1495; x_wconf 89' lang='lat' dir='ltr'>sed</span> 
     </span>
     <span class='ocr_line' id='line_1_12' title="bbox 244 1536 1436 1601; baseline 0.002 -6"><span class='ocrx_word' id='word_1_98' title='bbox 244 1536 277 1595; x_wconf 93' lang='lat' dir='ltr'>in</span> <span class='ocrx_word' id='word_1_99' title='bbox 305 1537 484 1600; x_wconf 88' lang='lat' dir='ltr'>universum</span> <span class='ocrx_word' id='word_1_100' title='bbox 507 1549 627 1601; x_wconf 89' lang='lat' dir='ltr'>tantum</span> <span class='ocrx_word' id='word_1_101' title='bbox 650 1540 688 1601; x_wconf 93' lang='lat' dir='ltr'>de</span> <span class='ocrx_word' id='word_1_102' title='bbox 711 1538 825 1600; x_wconf 88' lang='lat' dir='ltr'>fabulis</span> <span class='ocrx_word' id='word_1_103' title='bbox 847 1559 904 1600; x_wconf 90' lang='lat' dir='ltr'>nos</span> <span class='ocrx_word' id='word_1_104' title='bbox 927 1540 1048 1600; x_wconf 89' lang='lat' dir='ltr'>docent.</span> <span class='ocrx_word' id='word_1_105' title='bbox 1091 1538 1213 1599; x_wconf 89' lang='lat' dir='ltr'>Deinde</span> <span class='ocrx_word' id='word_1_106' title='bbox 1235 1539 1290 1598; x_wconf 92' lang='lat' dir='ltr'>ubi</span> <span class='ocrx_word' id='word_1_107' title='bbox 1311 1538 1436 1598; x_wconf 91' lang='lat' dir='ltr'>Phere-</span> 
     </span>
     <span class='ocr_line' id='line_1_13' title="bbox 241 1639 1437 1722; baseline 0.001 -23"><span class='ocrx_word' id='word_1_108' title='bbox 241 1639 337 1718; x_wconf 89' lang='lat' dir='ltr'>cydes</span> <span class='ocrx_word' id='word_1_109' title='bbox 359 1648 413 1702; x_wconf 89' lang='lat' dir='ltr'>aut</span> <span class='ocrx_word' id='word_1_110' title='bbox 436 1663 505 1703; x_wconf 94' lang='lat' dir='ltr'>cum</span> <span class='ocrx_word' id='word_1_111' title='bbox 529 1643 598 1704; x_wconf 91' lang='lat' dir='ltr'>aliis</span> <span class='ocrx_word' id='word_1_112' title='bbox 621 1643 858 1722; x_wconf 88' lang='lat' dir='ltr'>mythographis</span> <span class='ocrx_word' id='word_1_113' title='bbox 880 1643 980 1721; x_wconf 91' lang='lat' dir='ltr'>poetis</span> <span class='ocrx_word' id='word_1_114' title='bbox 1003 1641 1159 1702; x_wconf 84' lang='lat' dir='ltr'>historicis</span> <span class='ocrx_word' id='word_1_115' title='bbox 1183 1641 1356 1701; x_wconf 90' lang='lat' dir='ltr'>consentiat</span> <span class='ocrx_word' id='word_1_116' title='bbox 1373 1650 1437 1700; x_wconf 90' lang='lat' dir='ltr'>aut</span> 
     </span>
     <span class='ocr_line' id='line_1_14' title="bbox 238 1743 1437 1824; baseline 0 -22"><span class='ocrx_word' id='word_1_117' title='bbox 238 1744 277 1802; x_wconf 92' lang='lat' dir='ltr'>ab</span> <span class='ocrx_word' id='word_1_118' title='bbox 301 1743 346 1804; x_wconf 86' lang='lat' dir='ltr'>eis</span> <span class='ocrx_word' id='word_1_119' title='bbox 369 1745 533 1824; x_wconf 86' lang='lat' dir='ltr'>discrepet,</span> <span class='ocrx_word' id='word_1_120' title='bbox 560 1767 621 1806; x_wconf 92' lang='lat' dir='ltr'>non</span> <span class='ocrx_word' id='word_1_121' title='bbox 643 1745 721 1806; x_wconf 79' lang='lat' dir='ltr'>satIs</span> <span class='ocrx_word' id='word_1_122' title='bbox 743 1745 893 1808; x_wconf 89' lang='lat' dir='ltr'>discrevit</span> <span class='ocrx_word' id='word_1_123' title='bbox 914 1745 1032 1807; x_wconf 86' lang='lat' dir='ltr'>satisve</span> <span class='ocrx_word' id='word_1_124' title='bbox 1058 1744 1178 1821; x_wconf 88' lang='lat' dir='ltr'>extulit,</span> <span class='ocrx_word' id='word_1_125' title='bbox 1203 1743 1249 1803; x_wconf 87' lang='lat' dir='ltr'>ita</span> <span class='ocrx_word' id='word_1_126' title='bbox 1270 1752 1306 1803; x_wconf 92' lang='lat' dir='ltr'>ut</span> <span class='ocrx_word' id='word_1_127' title='bbox 1327 1764 1437 1820; x_wconf 87' lang='lat' dir='ltr'>neque</span> 
     </span>
     <span class='ocr_line' id='line_1_15' title="bbox 239 1845 1436 1927; baseline 0.001 -22"><span class='ocrx_word' id='word_1_128' title='bbox 239 1845 292 1923; x_wconf 92' lang='lat' dir='ltr'>qui</span> <span class='ocrx_word' id='word_1_129' title='bbox 324 1855 466 1909; x_wconf 81' lang='lat' dir='ltr'>auctores</span> <span class='ocrx_word' id='word_1_130' title='bbox 496 1847 634 1908; x_wconf 89' lang='lat' dir='ltr'>fabulam</span> <span class='ocrx_word' id='word_1_131' title='bbox 656 1849 888 1927; x_wconf 77' lang='lat' dir='ltr'>Pherecydeum</span> <span class='ocrx_word' id='word_1_132' title='bbox 920 1848 1054 1927; x_wconf 84' lang='lat' dir='ltr'>amplexi</span> <span class='ocrx_word' id='word_1_133' title='bbox 1083 1847 1156 1922; x_wconf 89' lang='lat' dir='ltr'>sint,</span> <span class='ocrx_word' id='word_1_134' title='bbox 1191 1864 1292 1922; x_wconf 91' lang='lat' dir='ltr'>noque</span> <span class='ocrx_word' id='word_1_135' title='bbox 1316 1845 1436 1921; x_wconf 85' lang='lat' dir='ltr'>quibus</span> 
     </span>
     <span class='ocr_line' id='line_1_16' title="bbox 238 1946 1057 2029; baseline 0.006 -23"><span class='ocrx_word' id='word_1_136' title='bbox 238 1946 377 2010; x_wconf 85' lang='lat' dir='ltr'>fontibus</span> <span class='ocrx_word' id='word_1_137' title='bbox 400 1949 467 2029; x_wconf 90' lang='lat' dir='ltr'>ipse</span> <span class='ocrx_word' id='word_1_138' title='bbox 491 1951 533 2011; x_wconf 94' lang='lat' dir='ltr'>sit</span> <span class='ocrx_word' id='word_1_139' title='bbox 554 1971 630 2012; x_wconf 88' lang='lat' dir='ltr'>usus</span> <span class='ocrx_word' id='word_1_140' title='bbox 652 1971 784 2028; x_wconf 90' lang='lat' dir='ltr'>usquam</span> <span class='ocrx_word' id='word_1_141' title='bbox 806 1950 871 2012; x_wconf 88' lang='lat' dir='ltr'>fere</span> <span class='ocrx_word' id='word_1_142' title='bbox 893 1950 1057 2011; x_wconf 81' lang='lat' dir='ltr'>discamus</span> 
     </span>
    </p>

    <p class='ocr_par' dir='ltr' id='par_1_4' title="bbox 239 2050 1480 3451">
     <span class='ocr_line' id='line_1_17' title="bbox 326 2050 1435 2132; baseline -0.001 -21"><span class='ocrx_word' id='word_1_143' title='bbox 326 2051 405 2111; x_wconf 77' lang='lat' dir='ltr'>Tum</span> <span class='ocrx_word' id='word_1_144' title='bbox 426 2059 499 2131; x_wconf 93' lang='lat' dir='ltr'>post</span> <span class='ocrx_word' id='word_1_145' title='bbox 514 2053 629 2113; x_wconf 84' lang='lat' dir='ltr'>Sturzii</span> <span class='ocrx_word' id='word_1_146' title='bbox 651 2053 818 2114; x_wconf 90' lang='lat' dir='ltr'>editionem</span> <span class='ocrx_word' id='word_1_147' title='bbox 833 2053 967 2132; x_wconf 87' lang='lat' dir='ltr'>priorem</span> <span class='ocrx_word' id='word_1_148' title='bbox 984 2053 1013 2112; x_wconf 90' lang='lat' dir='ltr'>A</span> <span class='ocrx_word' id='word_1_149' title='bbox 1024 2065 1205 2130; x_wconf 88' lang='lat' dir='ltr'>ugustus</span> <span class='ocrx_word' id='word_1_150' title='bbox 1221 2050 1435 2110; x_wconf 89' lang='lat' dir='ltr'>Matthiae</span> 
     </span>
     <span class='ocr_line' id='line_1_18' title="bbox 240 2153 1433 2234; baseline -0.002 -20"><span class='ocrx_word' id='word_1_151' title='bbox 240 2161 468 2233; x_wconf 85' lang='lat' dir='ltr'>programmate</span> <span class='ocrx_word' id='word_1_152' title='bbox 484 2155 729 2234; x_wconf 87' lang='lat' dir='ltr'>Altenburgensi</span> <span class='ocrx_word' id='word_1_153' title='bbox 751 2177 777 2217; x_wconf 88' lang='lat' dir='ltr'>a.</span> <span class='ocrx_word' id='word_1_154' title='bbox 795 2157 877 2216; x_wconf 87' lang='grc'>1814</span> <span class='ocrx_word' id='word_1_155' title='bbox 893 2153 1077 2232; x_wconf 86' lang='lat' dir='ltr'>fragmentis</span> <span class='ocrx_word' id='word_1_156' title='bbox 1091 2153 1283 2231; x_wconf 85' lang='lat' dir='ltr'>Pherecydis</span> <span class='ocrx_word' id='word_1_157' title='bbox 1302 2172 1433 2230; x_wconf 93' lang='lat' dir='ltr'>operam</span> 
     </span>
     <span class='ocr_line' id='line_1_19' title="bbox 240 2254 1431 2338; baseline 0 -22"><span class='ocrx_word' id='word_1_158' title='bbox 240 2257 336 2317; x_wconf 90' lang='lat' dir='ltr'>dedit.</span> <span class='ocrx_word' id='word_1_159' title='bbox 350 2254 352 2258; x_wconf 73' lang='grc'><strong>’</strong></span> <span class='ocrx_word' id='word_1_160' title='bbox 372 2258 434 2318; x_wconf 87' lang='lat' dir='ltr'>Sed</span> <span class='ocrx_word' id='word_1_161' title='bbox 455 2257 490 2317; x_wconf 93' lang='lat' dir='ltr'>id</span> <span class='ocrx_word' id='word_1_162' title='bbox 508 2265 630 2319; x_wconf 90' lang='lat' dir='ltr'>tantum</span> <span class='ocrx_word' id='word_1_163' title='bbox 644 2259 789 2338; x_wconf 83' lang='lat' dir='ltr'>respexit,</span> <span class='ocrx_word' id='word_1_164' title='bbox 811 2265 846 2318; x_wconf 91' lang='lat' dir='ltr'>ut</span> <span class='ocrx_word' id='word_1_165' title='bbox 862 2257 1000 2319; x_wconf 92' lang='lat' dir='ltr'>ordinem</span> <span class='ocrx_word' id='word_1_166' title='bbox 1014 2255 1258 2334; x_wconf 83' lang='lat' dir='ltr'>fragmentorum</span> <span class='ocrx_word' id='word_1_167' title='bbox 1272 2255 1431 2316; x_wconf 88' lang='lat' dir='ltr'>restituat.</span> 
     </span>
     <span class='ocr_line' id='line_1_20' title="bbox 239 2357 1429 2440; baseline -0.003 -21"><span class='ocrx_word' id='word_1_168' title='bbox 239 2359 345 2437; x_wconf 89' lang='lat' dir='ltr'>Atque</span> <span class='ocrx_word' id='word_1_169' title='bbox 375 2360 436 2421; x_wconf 90' lang='lat' dir='ltr'>iam</span> <span class='ocrx_word' id='word_1_170' title='bbox 468 2381 562 2440; x_wconf 89' lang='lat' dir='ltr'>supra</span> <span class='ocrx_word' id='word_1_171' title='bbox 591 2363 754 2422; x_wconf 92' lang='lat' dir='ltr'>nonnullos</span> <span class='ocrx_word' id='word_1_172' title='bbox 781 2381 900 2422; x_wconf 88' lang='lat' dir='ltr'>errores</span> <span class='ocrx_word' id='word_1_173' title='bbox 923 2359 989 2420; x_wconf 89' lang='lat' dir='ltr'>eius</span> <span class='ocrx_word' id='word_1_174' title='bbox 1012 2357 1152 2419; x_wconf 90' lang='lat' dir='ltr'>codicum</span> <span class='ocrx_word' id='word_1_175' title='bbox 1175 2358 1289 2417; x_wconf 86' lang='lat' dir='ltr'>auxilio</span> <span class='ocrx_word' id='word_1_176' title='bbox 1313 2357 1429 2417; x_wconf 84' lang='lat' dir='ltr'>detexi.</span> 
     </span>
     <span class='ocr_line' id='line_1_21' title="bbox 239 2458 1429 2543; baseline -0.001 -22"><span class='ocrx_word' id='word_1_177' title='bbox 239 2462 404 2523; x_wconf 88' lang='lat' dir='ltr'>Accedunt</span> <span class='ocrx_word' id='word_1_178' title='bbox 433 2463 502 2524; x_wconf 89' lang='lat' dir='ltr'>alii:</span> <span class='ocrx_word' id='word_1_179' title='bbox 532 2485 603 2524; x_wconf 93' lang='lat' dir='ltr'>nam</span> <span class='ocrx_word' id='word_1_180' title='bbox 625 2464 752 2543; x_wconf 91' lang='lat' dir='ltr'>Pelopis</span> <span class='ocrx_word' id='word_1_181' title='bbox 784 2462 905 2524; x_wconf 88' lang='lat' dir='ltr'>fabulas</span> <span class='ocrx_word' id='word_1_182' title='bbox 936 2462 968 2522; x_wconf 92' lang='lat' dir='ltr'>in</span> <span class='ocrx_word' id='word_1_183' title='bbox 990 2461 1069 2521; x_wconf 91' lang='lat' dir='ltr'>libro</span> <span class='ocrx_word' id='word_1_184' title='bbox 1092 2461 1142 2520; x_wconf 93' lang='lat' dir='ltr'>IX</span> <span class='ocrx_word' id='word_1_185' title='bbox 1163 2468 1304 2521; x_wconf 87' lang='lat' dir='ltr'>narratos</span> <span class='ocrx_word' id='word_1_186' title='bbox 1328 2458 1429 2520; x_wconf 85' lang='lat' dir='ltr'>fuisse</span> 
     </span>
     <span class='ocr_line' id='line_1_22' title="bbox 240 2563 1431 2646; baseline -0.003 -21"><span class='ocrx_word' id='word_1_187' title='bbox 240 2573 354 2644; x_wconf 91' lang='lat' dir='ltr'>censet,</span> <span class='ocrx_word' id='word_1_188' title='bbox 382 2566 439 2626; x_wconf 91' lang='lat' dir='ltr'>sed</span> <span class='ocrx_word' id='word_1_189' title='bbox 468 2568 523 2627; x_wconf 91' lang='lat' dir='ltr'>sch</span> <span class='ocrx_word' id='word_1_190' title='bbox 554 2567 638 2646; x_wconf 88' lang='lat' dir='ltr'>Apln</span> <span class='ocrx_word' id='word_1_191' title='bbox 669 2568 686 2627; x_wconf 93' lang='grc' dir='ltr'>Ι</span> <span class='ocrx_word' id='word_1_192' title='bbox 718 2567 778 2627; x_wconf 79' lang='lat'>752</span> <span class='ocrx_word' id='word_1_193' title='bbox 811 2570 843 2646; x_wconf 92' lang='lat' dir='ltr'>(p</span> <span class='ocrx_word' id='word_1_194' title='bbox 876 2568 943 2627; x_wconf 76' lang='lat'>93²</span> <span class='ocrx_word' id='word_1_195' title='bbox 977 2565 1013 2625; x_wconf 95' lang='lat' dir='ltr'>St</span> <span class='ocrx_word' id='word_1_196' title='bbox 1040 2566 1080 2625; x_wconf 88' lang='lat'>93</span> <span class='ocrx_word' id='word_1_197' title='bbox 1111 2564 1159 2646; x_wconf 88' lang='lat' dir='ltr'>M)</span> <span class='ocrx_word' id='word_1_198' title='bbox 1191 2565 1305 2624; x_wconf 90' lang='lat' dir='ltr'>librum</span> <span class='ocrx_word' id='word_1_199' title='bbox 1337 2563 1431 2623; x_wconf 87' lang='lat' dir='ltr'>VIII.</span> 
     </span>
     <span class='ocr_line' id='line_1_23' title="bbox 239 2667 1433 2748; baseline -0.003 -20"><span class='ocrx_word' id='word_1_200' title='bbox 239 2678 509 2730; x_wconf 91' lang='lat' dir='ltr'>commemoratum</span> <span class='ocrx_word' id='word_1_201' title='bbox 543 2670 726 2748; x_wconf 90' lang='lat' dir='ltr'>invenimus,</span> <span class='ocrx_word' id='word_1_202' title='bbox 756 2668 789 2728; x_wconf 92' lang='lat' dir='ltr'>id</span> <span class='ocrx_word' id='word_1_203' title='bbox 820 2669 903 2747; x_wconf 90' lang='lat' dir='ltr'>quod</span> <span class='ocrx_word' id='word_1_204' title='bbox 924 2669 956 2729; x_wconf 92' lang='lat' dir='ltr'>in</span> <span class='ocrx_word' id='word_1_205' title='bbox 979 2668 1026 2730; x_wconf 90' lang='lat' dir='ltr'>ed.</span> <span class='ocrx_word' id='word_1_206' title='bbox 1048 2689 1094 2747; x_wconf 89' lang='lat' dir='ltr'>pr.</span> <span class='ocrx_word' id='word_1_207' title='bbox 1117 2667 1264 2728; x_wconf 91' lang='lat' dir='ltr'>omissum</span> <span class='ocrx_word' id='word_1_208' title='bbox 1287 2674 1343 2744; x_wconf 90' lang='lat' dir='ltr'>est,</span> <span class='ocrx_word' id='word_1_209' title='bbox 1373 2667 1433 2726; x_wconf 91' lang='lat' dir='ltr'>sch</span> 
     </span>
     <span class='ocr_line' id='line_1_24' title="bbox 245 2768 1432 2852; baseline -0.003 -22"><span class='ocrx_word' id='word_1_210' title='bbox 245 2775 279 2830; x_wconf 82' lang='grc' dir='ltr'><em>Ψ</em></span> <span class='ocrx_word' id='word_1_211' title='bbox 300 2772 361 2832; x_wconf 82' lang='lat'>296</span> <span class='ocrx_word' id='word_1_212' title='bbox 385 2771 442 2852; x_wconf 90' lang='lat'>(=</span> <span class='ocrx_word' id='word_1_213' title='bbox 462 2772 510 2834; x_wconf 83' lang='lat' dir='ltr'>IV</span> <span class='ocrx_word' id='word_1_214' title='bbox 536 2775 628 2833; x_wconf 70' lang='lat'><strong>6381&gt;</strong></span> <span class='ocrx_word' id='word_1_215' title='bbox 651 2774 695 2850; x_wconf 89' lang='lat' dir='ltr'>M)</span> <span class='ocrx_word' id='word_1_216' title='bbox 720 2773 802 2850; x_wconf 93' lang='lat' dir='ltr'>quod</span> <span class='ocrx_word' id='word_1_217' title='bbox 824 2772 977 2832; x_wconf 89' lang='lat' dir='ltr'>Matthiae</span> <span class='ocrx_word' id='word_1_218' title='bbox 1011 2778 1043 2832; x_wconf 88' lang='lat' dir='ltr'>et</span> <span class='ocrx_word' id='word_1_219' title='bbox 1066 2772 1156 2832; x_wconf 81' lang='lat' dir='ltr'>Stura</span> <span class='ocrx_word' id='word_1_220' title='bbox 1178 2790 1239 2829; x_wconf 92' lang='lat' dir='ltr'>non</span> <span class='ocrx_word' id='word_1_221' title='bbox 1262 2768 1432 2845; x_wconf 87' lang='lat' dir='ltr'>habebant,</span> 
     </span>
     <span class='ocr_line' id='line_1_25' title="bbox 240 2871 1480 2954; baseline -0.003 -21"><span class='ocrx_word' id='word_1_222' title='bbox 240 2875 258 2933; x_wconf 89' lang='lat' dir='ltr'>l.</span> <span class='ocrx_word' id='word_1_223' title='bbox 289 2874 349 2934; x_wconf 91' lang='lat' dir='ltr'>HI.</span> <span class='ocrx_word' id='word_1_224' title='bbox 394 2872 525 2936; x_wconf 90' lang='lat' dir='ltr'>Omnino</span> <span class='ocrx_word' id='word_1_225' title='bbox 557 2896 641 2954; x_wconf 88' lang='lat' dir='ltr'>vero,</span> <span class='ocrx_word' id='word_1_226' title='bbox 668 2876 751 2953; x_wconf 92' lang='lat' dir='ltr'>quod</span> <span class='ocrx_word' id='word_1_227' title='bbox 783 2875 885 2936; x_wconf 90' lang='lat' dir='ltr'>omnia</span> <span class='ocrx_word' id='word_1_228' title='bbox 916 2875 1051 2936; x_wconf 88' lang='lat' dir='ltr'>frustula</span> <span class='ocrx_word' id='word_1_229' title='bbox 1080 2882 1163 2934; x_wconf 91' lang='lat' dir='ltr'>certo</span> <span class='ocrx_word' id='word_1_230' title='bbox 1194 2873 1261 2932; x_wconf 89' lang='lat' dir='ltr'>loco</span> <span class='ocrx_word' id='word_1_231' title='bbox 1289 2871 1428 2930; x_wconf 90' lang='lat' dir='ltr'>inserere</span> <span class='ocrx_word' id='word_1_232' title='bbox 1477 2931 1480 2936; x_wconf 69' lang='grc'>,</span> 
     </span>
     <span class='ocr_line' id='line_1_26' title="bbox 239 2972 1428 3057; baseline -0.003 -20"><span class='ocrx_word' id='word_1_233' title='bbox 239 2975 393 3055; x_wconf 91' lang='lat' dir='ltr'>studebat,</span> <span class='ocrx_word' id='word_1_234' title='bbox 415 2977 543 3038; x_wconf 90' lang='lat' dir='ltr'>nimium</span> <span class='ocrx_word' id='word_1_235' title='bbox 565 2979 597 3038; x_wconf 92' lang='lat' dir='ltr'>in</span> <span class='ocrx_word' id='word_1_236' title='bbox 616 2979 725 3057; x_wconf 86' lang='lat' dir='ltr'>paucis</span> <span class='ocrx_word' id='word_1_237' title='bbox 744 2977 953 3038; x_wconf 84' lang='lat' dir='ltr'>fundamentis</span> <span class='ocrx_word' id='word_1_238' title='bbox 969 2977 1075 3053; x_wconf 89' lang='lat' dir='ltr'>eisque</span> <span class='ocrx_word' id='word_1_239' title='bbox 1090 2975 1203 3054; x_wconf 90' lang='lat' dir='ltr'>partim</span> <span class='ocrx_word' id='word_1_240' title='bbox 1219 2973 1298 3034; x_wconf 90' lang='lat' dir='ltr'>falso</span> <span class='ocrx_word' id='word_1_241' title='bbox 1314 2972 1428 3051; x_wconf 90' lang='lat' dir='ltr'>positis</span> 
     </span>
     <span class='ocr_line' id='line_1_27' title="bbox 240 3077 1430 3158; baseline -0.002 -21"><span class='ocrx_word' id='word_1_242' title='bbox 240 3078 424 3158; x_wconf 85' lang='lat' dir='ltr'>aedificavit,</span> <span class='ocrx_word' id='word_1_243' title='bbox 447 3081 610 3141; x_wconf 90' lang='lat' dir='ltr'>sententiis</span> <span class='ocrx_word' id='word_1_244' title='bbox 633 3081 693 3142; x_wconf 85' lang='lat' dir='ltr'>sibi</span> <span class='ocrx_word' id='word_1_245' title='bbox 716 3080 798 3141; x_wconf 88' lang='lat' dir='ltr'>fictis</span> <span class='ocrx_word' id='word_1_246' title='bbox 822 3089 915 3157; x_wconf 91' lang='lat' dir='ltr'>atque</span> <span class='ocrx_word' id='word_1_247' title='bbox 934 3078 1120 3140; x_wconf 90' lang='lat' dir='ltr'>coniecturis</span> <span class='ocrx_word' id='word_1_248' title='bbox 1136 3078 1200 3138; x_wconf 86' lang='lat' dir='ltr'>suis</span> <span class='ocrx_word' id='word_1_249' title='bbox 1215 3077 1320 3156; x_wconf 88' lang='lat' dir='ltr'>potius</span> <span class='ocrx_word' id='word_1_250' title='bbox 1336 3097 1430 3153; x_wconf 88' lang='lat' dir='ltr'>quam</span> 
     </span>
     <span class='ocr_line' id='line_1_28' title="bbox 239 3181 1427 3260; baseline -0.005 -16"><span class='ocrx_word' id='word_1_251' title='bbox 239 3202 314 3244; x_wconf 90' lang='lat' dir='ltr'>vera</span> <span class='ocrx_word' id='word_1_252' title='bbox 336 3183 604 3260; x_wconf 83' lang='lat' dir='ltr'>argumentatione</span> <span class='ocrx_word' id='word_1_253' title='bbox 636 3204 710 3244; x_wconf 91' lang='lat' dir='ltr'>usus</span> <span class='ocrx_word' id='word_1_254' title='bbox 743 3191 799 3244; x_wconf 88' lang='lat' dir='ltr'>est.</span> <span class='ocrx_word' id='word_1_255' title='bbox 842 3184 947 3259; x_wconf 89' lang='lat' dir='ltr'>Atque</span> <span class='ocrx_word' id='word_1_256' title='bbox 975 3181 1231 3242; x_wconf 87' lang='lat' dir='ltr'>commentatione</span> <span class='ocrx_word' id='word_1_257' title='bbox 1253 3181 1322 3258; x_wconf 91' lang='lat' dir='ltr'>ipsa</span> <span class='ocrx_word' id='word_1_258' title='bbox 1344 3199 1427 3239; x_wconf 89' lang='lat' dir='ltr'>com·</span> 
     </span>
     <span class='ocr_line' id='line_1_29' title="bbox 239 3281 1428 3364; baseline -0.003 -20"><span class='ocrx_word' id='word_1_259' title='bbox 239 3284 431 3364; x_wconf 88' lang='lat' dir='ltr'>putationem</span> <span class='ocrx_word' id='word_1_260' title='bbox 461 3293 578 3347; x_wconf 84' lang='lat' dir='ltr'>rectam</span> <span class='ocrx_word' id='word_1_261' title='bbox 609 3306 671 3346; x_wconf 90' lang='lat' dir='ltr'>non</span> <span class='ocrx_word' id='word_1_262' title='bbox 700 3306 769 3347; x_wconf 88' lang='lat' dir='ltr'>esse</span> <span class='ocrx_word' id='word_1_263' title='bbox 799 3285 955 3364; x_wconf 86' lang='lat' dir='ltr'>arguitur:</span> <span class='ocrx_word' id='word_1_264' title='bbox 988 3304 1059 3344; x_wconf 87' lang='lat' dir='ltr'>nam</span> <span class='ocrx_word' id='word_1_265' title='bbox 1091 3291 1166 3362; x_wconf 91' lang='lat' dir='ltr'>quot</span> <span class='ocrx_word' id='word_1_266' title='bbox 1197 3282 1373 3360; x_wconf 87' lang='lat' dir='ltr'>fragmenta</span> <span class='ocrx_word' id='word_1_267' title='bbox 1394 3281 1428 3340; x_wconf 88' lang='lat' dir='ltr'>in</span> 
     </span>
     <span class='ocr_line' id='line_1_30' title="bbox 241 3387 982 3451; baseline 0 -3"><span class='ocrx_word' id='word_1_268' title='bbox 241 3387 307 3448; x_wconf 89' lang='lat' dir='ltr'>solo</span> <span class='ocrx_word' id='word_1_269' title='bbox 329 3388 410 3450; x_wconf 92' lang='lat' dir='ltr'>libro</span> <span class='ocrx_word' id='word_1_270' title='bbox 434 3388 552 3451; x_wconf 91' lang='lat' dir='ltr'>decimo</span> <span class='ocrx_word' id='word_1_271' title='bbox 576 3387 746 3450; x_wconf 88' lang='lat' dir='ltr'>confercire</span> <span class='ocrx_word' id='word_1_272' title='bbox 769 3397 894 3450; x_wconf 89' lang='lat' dir='ltr'>coactus</span> <span class='ocrx_word' id='word_1_273' title='bbox 917 3389 982 3449; x_wconf 80' lang='lat' dir='ltr'>est!</span> 
     </span>
    </p>

    <p class='ocr_par' dir='ltr' id='par_1_5' title="bbox 240 3487 1429 4188">
     <span class='ocr_line' id='line_1_31' title="bbox 327 3487 1429 3569; baseline -0.005 -18"><span class='ocrx_word' id='word_1_274' title='bbox 327 3491 404 3552; x_wconf 88' lang='lat' dir='ltr'>Post</span> <span class='ocrx_word' id='word_1_275' title='bbox 434 3492 588 3553; x_wconf 83' lang='lat' dir='ltr'>Sturaium</span> <span class='ocrx_word' id='word_1_276' title='bbox 620 3491 797 3553; x_wconf 80' lang='lat' dir='ltr'>Carolus</span> <span class='ocrx_word' id='word_1_277' title='bbox 827 3492 1023 3569; x_wconf 89' lang='lat' dir='ltr'>Mueller,</span> <span class='ocrx_word' id='word_1_278' title='bbox 1052 3490 1101 3551; x_wconf 92' lang='lat' dir='ltr'>uti</span> <span class='ocrx_word' id='word_1_279' title='bbox 1130 3510 1188 3567; x_wconf 94' lang='lat' dir='ltr'>par</span> <span class='ocrx_word' id='word_1_280' title='bbox 1219 3495 1301 3566; x_wconf 89' lang='lat' dir='ltr'>erat,</span> <span class='ocrx_word' id='word_1_281' title='bbox 1334 3487 1429 3547; x_wconf 91' lang='lat' dir='ltr'>etiam</span> 
     </span>
     <span class='ocr_line' id='line_1_32' title="bbox 240 3590 1429 3674; baseline -0.003 -22"><span class='ocrx_word' id='word_1_282' title='bbox 240 3593 433 3673; x_wconf 90' lang='lat' dir='ltr'>Pherecydis</span> <span class='ocrx_word' id='word_1_283' title='bbox 465 3595 614 3674; x_wconf 90' lang='lat' dir='ltr'>reliquias</span> <span class='ocrx_word' id='word_1_284' title='bbox 644 3594 828 3674; x_wconf 88' lang='lat' dir='ltr'>fragmentis</span> <span class='ocrx_word' id='word_1_285' title='bbox 850 3594 1068 3655; x_wconf 89' lang='lat' dir='ltr'>historicorum</span> <span class='ocrx_word' id='word_1_286' title='bbox 1090 3611 1273 3670; x_wconf 90' lang='lat' dir='ltr'>graecorum</span> <span class='ocrx_word' id='word_1_287' title='bbox 1295 3590 1429 3650; x_wconf 88' lang='lat' dir='ltr'>inseruit</span> 
     </span>
     <span class='ocr_line' id='line_1_33' title="bbox 243 3693 1428 3778; baseline -0.004 -22"><span class='ocrx_word' id='word_1_288' title='bbox 243 3697 271 3771; x_wconf 94' lang='lat' dir='ltr'>(I</span> <span class='ocrx_word' id='word_1_289' title='bbox 295 3699 420 3758; x_wconf 82' lang='lat'>70-99</span> <span class='ocrx_word' id='word_1_290' title='bbox 450 3699 497 3761; x_wconf 87' lang='lat' dir='ltr'>IV</span> <span class='ocrx_word' id='word_1_291' title='bbox 521 3699 715 3759; x_wconf 72' lang='lat' dir='ltr'>esta-639</span> <span class='ocrx_word' id='word_1_292' title='bbox 723 3699 765 3778; x_wconf 91' lang='lat' dir='ltr'>b).</span> <span class='ocrx_word' id='word_1_293' title='bbox 809 3697 914 3774; x_wconf 88' lang='lat' dir='ltr'>Atque</span> <span class='ocrx_word' id='word_1_294' title='bbox 942 3697 1075 3775; x_wconf 90' lang='lat' dir='ltr'>primum</span> <span class='ocrx_word' id='word_1_295' title='bbox 1105 3694 1230 3772; x_wconf 92' lang='lat' dir='ltr'>quidem</span> <span class='ocrx_word' id='word_1_296' title='bbox 1252 3693 1428 3771; x_wconf 81' lang='lat' dir='ltr'>fragmenta</span> 
     </span>
     <span class='ocr_line' id='line_1_34' title="bbox 240 3797 1428 3877; baseline -0.002 -19"><span class='ocrx_word' id='word_1_297' title='bbox 240 3819 259 3858; x_wconf 90' lang='lat' dir='ltr'>a</span> <span class='ocrx_word' id='word_1_298' title='bbox 290 3799 410 3860; x_wconf 84' lang='lat' dir='ltr'>Sturzio</span> <span class='ocrx_word' id='word_1_299' title='bbox 442 3801 556 3862; x_wconf 86' lang='lat' dir='ltr'>omissa</span> <span class='ocrx_word' id='word_1_300' title='bbox 584 3802 733 3862; x_wconf 90' lang='lat' dir='ltr'>nonnulla</span> <span class='ocrx_word' id='word_1_301' title='bbox 762 3799 892 3861; x_wconf 88' lang='lat' dir='ltr'>addidit.</span> <span class='ocrx_word' id='word_1_302' title='bbox 944 3799 1006 3859; x_wconf 86' lang='lat' dir='ltr'>Sed</span> <span class='ocrx_word' id='word_1_303' title='bbox 1038 3805 1142 3858; x_wconf 92' lang='lat' dir='ltr'>tamen</span> <span class='ocrx_word' id='word_1_304' title='bbox 1173 3818 1211 3857; x_wconf 91' lang='lat' dir='ltr'>ne</span> <span class='ocrx_word' id='word_1_305' title='bbox 1243 3797 1326 3877; x_wconf 93' lang='lat' dir='ltr'>apud</span> <span class='ocrx_word' id='word_1_306' title='bbox 1357 3816 1428 3856; x_wconf 93' lang='lat' dir='ltr'>eum</span> 
     </span>
     <span class='ocr_line' id='line_1_35' title="bbox 242 3899 1427 3984; baseline -0.003 -22"><span class='ocrx_word' id='word_1_307' title='bbox 242 3902 367 3978; x_wconf 90' lang='lat' dir='ltr'>quidem</span> <span class='ocrx_word' id='word_1_308' title='bbox 390 3904 491 3964; x_wconf 92' lang='lat' dir='ltr'>omnia</span> <span class='ocrx_word' id='word_1_309' title='bbox 514 3905 644 3965; x_wconf 92' lang='lat' dir='ltr'>collecta</span> <span class='ocrx_word' id='word_1_310' title='bbox 666 3912 748 3984; x_wconf 91' lang='lat' dir='ltr'>sunt,</span> <span class='ocrx_word' id='word_1_311' title='bbox 771 3924 849 3981; x_wconf 91' lang='lat' dir='ltr'>quae</span> <span class='ocrx_word' id='word_1_312' title='bbox 873 3901 1137 3980; x_wconf 86' lang='lat' dir='ltr'>exscriptoribus</span> <span class='ocrx_word' id='word_1_313' title='bbox 1161 3899 1314 3980; x_wconf 87' lang='lat' dir='ltr'>expiscari</span> <span class='ocrx_word' id='word_1_314' title='bbox 1334 3899 1427 3959; x_wconf 91' lang='lat' dir='ltr'>nobis</span> 
     </span>
     <span class='ocr_line' id='line_1_36' title="bbox 240 4002 1426 4086; baseline -0.004 -21"><span class='ocrx_word' id='word_1_315' title='bbox 240 4005 323 4085; x_wconf 90' lang='lat' dir='ltr'>licet,</span> <span class='ocrx_word' id='word_1_316' title='bbox 351 4007 532 4085; x_wconf 89' lang='lat' dir='ltr'>plerumque</span> <span class='ocrx_word' id='word_1_317' title='bbox 564 4008 647 4086; x_wconf 90' lang='lat' dir='ltr'>quod</span> <span class='ocrx_word' id='word_1_318' title='bbox 678 4015 744 4068; x_wconf 91' lang='lat' dir='ltr'>tum</span> <span class='ocrx_word' id='word_1_319' title='bbox 773 4007 908 4067; x_wconf 91' lang='lat' dir='ltr'>nondum</span> <span class='ocrx_word' id='word_1_320' title='bbox 938 4005 1036 4068; x_wconf 86' lang='lat' dir='ltr'>licuit.</span> <span class='ocrx_word' id='word_1_321' title='bbox 1080 4003 1163 4078; x_wconf 81' lang='lat' dir='ltr'>Quot</span> <span class='ocrx_word' id='word_1_322' title='bbox 1193 4003 1270 4063; x_wconf 91' lang='lat' dir='ltr'>mihi</span> <span class='ocrx_word' id='word_1_323' title='bbox 1300 4002 1426 4079; x_wconf 92' lang='lat' dir='ltr'>quidem</span> 
     </span>
     <span class='ocr_line' id='line_1_37' title="bbox 240 4107 710 4188; baseline 0.006 -21"><span class='ocrx_word' id='word_1_324' title='bbox 240 4107 449 4188; x_wconf 90' lang='lat' dir='ltr'>innotuerunt,</span> <span class='ocrx_word' id='word_1_325' title='bbox 472 4109 554 4170; x_wconf 88' lang='lat' dir='ltr'>infra</span> <span class='ocrx_word' id='word_1_326' title='bbox 576 4109 710 4171; x_wconf 88' lang='lat' dir='ltr'>afferam.</span> 
     </span>
    </p>

    <p class='ocr_par' dir='ltr' id='par_1_6' title="bbox 242 4207 1517 4482">
     <span class='ocr_line' id='line_1_38' title="bbox 326 4207 1426 4291; baseline -0.005 -20"><span class='ocrx_word' id='word_1_327' title='bbox 326 4210 448 4272; x_wconf 91' lang='lat' dir='ltr'>Deinde</span> <span class='ocrx_word' id='word_1_328' title='bbox 471 4212 554 4290; x_wconf 94' lang='lat' dir='ltr'>quod</span> <span class='ocrx_word' id='word_1_329' title='bbox 576 4213 688 4274; x_wconf 90' lang='lat' dir='ltr'>attinet</span> <span class='ocrx_word' id='word_1_330' title='bbox 710 4213 750 4273; x_wconf 91' lang='lat' dir='ltr'>ad</span> <span class='ocrx_word' id='word_1_331' title='bbox 773 4211 920 4291; x_wconf 88' lang='lat' dir='ltr'>ordinem,</span> <span class='ocrx_word' id='word_1_332' title='bbox 947 4212 1078 4273; x_wconf 90' lang='lat' dir='ltr'>Mueller</span> <span class='ocrx_word' id='word_1_333' title='bbox 1100 4210 1199 4288; x_wconf 90' lang='lat' dir='ltr'>magis</span> <span class='ocrx_word' id='word_1_334' title='bbox 1222 4228 1313 4286; x_wconf 92' lang='lat' dir='ltr'>quam</span> <span class='ocrx_word' id='word_1_335' title='bbox 1336 4207 1426 4267; x_wconf 78' lang='lat' dir='ltr'>Stura</span> 
     </span>
     <span class='ocr_line' id='line_1_39' title="bbox 242 4293 1517 4400; baseline -0.003 -28"><span class='ocrx_word' id='word_1_336' title='bbox 242 4320 274 4373; x_wconf 88' lang='lat' dir='ltr'>et</span> <span class='ocrx_word' id='word_1_337' title='bbox 288 4314 458 4400; x_wconf 87' lang='lat' dir='ltr'>Matthiae,</span> <span class='ocrx_word' id='word_1_338' title='bbox 489 4316 577 4377; x_wconf 89' lang='lat' dir='ltr'>cuius</span> <span class='ocrx_word' id='word_1_339' title='bbox 602 4317 773 4378; x_wconf 89' lang='lat' dir='ltr'>sententias</span> <span class='ocrx_word' id='word_1_340' title='bbox 795 4336 1014 4395; x_wconf 91' lang='lat' dir='ltr'>saepenumero</span> <span class='ocrx_word' id='word_1_341' title='bbox 1038 4314 1197 4393; x_wconf 88' lang='lat' dir='ltr'>amplexus</span> <span class='ocrx_word' id='word_1_342' title='bbox 1221 4319 1277 4390; x_wconf 87' lang='lat' dir='ltr'>est,</span> <span class='ocrx_word' id='word_1_343' title='bbox 1299 4310 1427 4389; x_wconf 87' lang='lat' dir='ltr'>Apollo·</span> <span class='ocrx_word' id='word_1_344' title='bbox 1516 4293 1517 4337; x_wconf 65' lang='lat' dir='ltr'>l</span> 
     </span>
     <span class='ocr_line' id='line_1_40' title="bbox 243 4415 1428 4482; baseline -0.003 -7"><span class='ocrx_word' id='word_1_345' title='bbox 243 4415 351 4477; x_wconf 92' lang='lat' dir='ltr'>dorum</span> <span class='ocrx_word' id='word_1_346' title='bbox 382 4428 509 4482; x_wconf 88' lang='lat' dir='ltr'>secutus</span> <span class='ocrx_word' id='word_1_347' title='bbox 539 4427 596 4481; x_wconf 86' lang='lat' dir='ltr'>est.</span> <span class='ocrx_word' id='word_1_348' title='bbox 640 4419 702 4480; x_wconf 88' lang='lat' dir='ltr'>Sed</span> <span class='ocrx_word' id='word_1_349' title='bbox 732 4420 812 4480; x_wconf 89' lang='lat' dir='ltr'>hanc</span> <span class='ocrx_word' id='word_1_350' title='bbox 843 4419 925 4481; x_wconf 87' lang='lat' dir='ltr'>viam</span> <span class='ocrx_word' id='word_1_351' title='bbox 953 4440 1014 4479; x_wconf 92' lang='lat' dir='ltr'>non</span> <span class='ocrx_word' id='word_1_352' title='bbox 1036 4424 1154 4478; x_wconf 88' lang='lat' dir='ltr'>rectam</span> <span class='ocrx_word' id='word_1_353' title='bbox 1177 4434 1244 4476; x_wconf 87' lang='lat' dir='ltr'>esse</span> <span class='ocrx_word' id='word_1_354' title='bbox 1267 4421 1322 4474; x_wconf 88' lang='lat' dir='ltr'>aut</span> <span class='ocrx_word' id='word_1_355' title='bbox 1345 4420 1428 4473; x_wconf 90' lang='lat' dir='ltr'>certe</span> 
     </span>
    </p>
   </div>
   <div class='ocr_carea' id='block_1_3' title="bbox 0 0 1537 5070">
    <p class='ocr_par' dir='ltr' id='par_1_7' title="bbox 0 0 1537 5070">
     <span class='ocr_line' id='line_1_41' title="bbox 0 0 1537 5070; baseline 0 0"><span class='ocrx_word' id='word_1_356' title='bbox 0 0 1537 5070; x_wconf 95' lang='lat' dir='ltr'> </span> 
     </span>
    </p>
   </div>
  </div>
 </body>
</html>
