3062 5070
584 308 797 367 ,49-

106 482 194 563 capric
224 477 364 556 δοθείσης
395 470 476 562 αὐτῷ
505 470 581 558 πρὸς
610 472 643 538 ad
672 481 795 538 κτυπεῖν
817 475 868 540 καὶ
899 475 1041 556 ἐκφοβεῖν
1067 470 1167 550 αὐτάς.
1211 477 1280 538 Hoc

106 585 201 664 igitur
222 585 314 664 plane
337 583 481 644 convenit
506 601 576 642 cum
597 580 681 660 Apld
712 581 818 659 itaque
839 581 959 642 Robert
990 585 1022 661 (p
1045 583 1097 659 67)
1128 588 1159 642 et
1190 588 1281 641 antea

108 689 132 749 Ο
160 687 292 750 Mueller
323 685 400 763 (Dor
421 684 472 745 11²
499 685 574 761 452)
605 692 803 764 putaverunt,
834 684 916 745 hunc
947 705 985 744 ex
1013 684 1194 763 Pherecyde
1225 704 1282 744 sua

107 791 255 852 hausisse.
299 787 377 849 (lum
392 791 523 866 utroque
539 795 664 848 auctore
680 787 825 866 coniungi
847 794 952 866 potest
972 787 1028 848 sch
1042 788 1126 867 Apln
1139 787 1174 846 II
1190 787 1281 864 1056,

109 894 159 971 qui
181 891 403 971 crepitaculum
428 883 681 968 ἡφαιστότευκτον
707 910 775 951 esse
798 890 874 951 dicit
897 898 928 951 et
949 890 1079 951 Herculi
1101 911 1120 950 a
1140 889 1283 949 Minerva

108 997 221 1056 datum.
264 995 314 1054 Ex
327 993 412 1072 Apln
433 992 492 1054 hoc
511 999 596 1053 certe
617 1012 679 1054 non
701 999 858 1072 sumptum
880 999 936 1072 est,
958 994 1014 1054 sed
1037 991 1204 1053 dolendum
1226 998 1282 1069 est,

109 1106 264 1160 auctorem
285 1116 347 1156 non
369 1094 481 1173 afferri,
511 1096 567 1156 sed
597 1095 779 1179 rem,verbo
810 1113 885 1171 φασι
913 1096 1072 1157 inductam
1102 1114 1178 1156 esse.
1222 1093 1283 1153 Sed

110 1201 201 1262 etiam
223 1199 282 1259 hoc
304 1219 343 1258 ex
363 1197 544 1276 Pherecyde
566 1198 670 1276 paullo
699 1206 790 1260 antea
820 1199 915 1260 allato
945 1219 1094 1278 manasse,
1124 1217 1185 1257 non
1214 1195 1283 1256 ahie

82 1282 87 1294 ’
112 1302 212 1363 causis
234 1299 491 1363 subvenientibus
517 1300 689 1380 putandum
710 1304 776 1362 'non
798 1308 853 1362 est.
905 1302 1008 1363 Huius
1035 1301 1133 1378 igitur
1161 1299 1284 1361 fabulae

109 1403 210 1465 fontes
233 1403 384 1464 habemus
413 1411 537 1482 praeter
557 1402 777 1484 Pherecydem,
805 1404 997 1484 Strabonem,
1027 1405 1119 1482 Paus,
1146 1402 1231 1481 Apld
1253 1410 1285 1462 et

109 1514 142 1566 ut
164 1514 257 1567 antea
279 1507 367 1586 (ptr
389 1526 411 1565 n
429 1507 461 1583 ὅ)
483 1505 548 1565 dixi
569 1506 736 1568 Mnaseam.
780 1506 893 1568 Omnes
916 1507 972 1568 hos
995 1507 1035 1568 ab
1058 1505 1285 1583 antiquioribus

109 1609 244 1688 pendere
274 1629 335 1670 non
368 1629 445 1688 opus
477 1615 560 1670 esset
588 1608 699 1688 dicere,
730 1609 853 1670 etiamsi
881 1629 943 1670 non
966 1609 1077 1670 Strabo
1103 1609 1154 1669 vel
1181 1607 1285 1687 potius

108 1711 316 1791 Apollodorus
337 1710 539 1773 Atheniensis
561 1711 680 1773 diceret
701 1714 916 1793 μυθολογοῦσι.

194 1811 342 1886 Quaestio
365 1815 462 1892 igitur
483 1815 526 1894 fit,
552 1835 630 1892 quae
655 1815 735 1876 ratio
757 1814 932 1876 intercedat
953 1815 1034 1877 inter
1057 1815 1117 1874 duo
1140 1813 1217 1875 haec
1240 1812 1285 1873 fa-

111 1915 239 1977 bulandi
261 1937 384 1994 genera.
426 1917 531 1995 Atque
545 1916 657 1996 Heyne
672 1916 712 1977 ad
726 1916 811 1996 Apld
833 1939 853 1996 p
870 1919 932 1978 366
949 1917 1031 1997 dicit,
1055 1937 1123 1978 eam
1141 1915 1287 1994 fabulam,

111 2040 170 2096 qua
193 2039 269 2080 aves
291 2018 440 2098 fugantur
463 2027 592 2098 tantum,
615 2040 634 2079 a
651 2019 804 2081 Pisandro
826 2027 972 2081 novatam
994 2040 1063 2082 esse
1085 2027 1179 2097 atque
1201 2019 1289 2079 addit

115 2123 179 2183 ‘hoc
201 2142 241 2182 ex
255 2122 412 2184 Pausania
431 2121 551 2184 discas’.
594 2122 638 2182 At
661 2121 743 2201 apud
765 2124 849 2184 Paus
870 2143 921 2184 res
942 2123 987 2184 ita
1008 2121 1210 2200 intelligenda
1232 2129 1287 2200 est,

117 2233 149 2285 ut
168 2224 288 2286 fontem
310 2224 375 2286 eius
397 2223 536 2286 fabulam
558 2225 649 2286 ahter
664 2225 843 2287 exhibuisse
858 2246 949 2303 quam
963 2225 1149 2287 Pisandrum
1171 2225 1288 2285 dictum

114 2326 162 2387 sit.
207 2326 270 2388 Sed
298 2325 431 2388 fortasse
461 2327 522 2388 alia
550 2327 746 2389 ratiocinatio
776 2329 816 2389 ad
839 2327 968 2389 eandem
998 2327 1184 2389 sententiam
1212 2326 1287 2388 fert:

114 2429 236 2491 scilicet
268 2428 499 2509 Stymphalides
532 2450 605 2491 aves
637 2431 670 2490 in
701 2431 803 2493 insula
835 2430 889 2491 illa
921 2430 1014 2491 Ponti
1045 2431 1160 2491 Euxini
1188 2438 1288 2491 trans-

111 2513 329 2612 positaesunt
351 2538 383 2592 et
405 2533 443 2593 ob
466 2532 546 2594 hanc
569 2553 694 2595 causam
716 2554 768 2596 eas
790 2535 830 2595 ab
852 2533 988 2595 Hercule
1009 2551 1071 2593 non
1093 2533 1210 2595 occisas
1235 2531 1291 2593 sed

111 2636 218 2714 pulsas
244 2653 313 2696 esse
340 2633 446 2695 fictum
476 2642 532 2696 cst.
584 2634 629 2697 At
651 2635 804 2698 Pisander
825 2636 878 2698 vix
907 2636 977 2696 ideo
1008 2655 1059 2696 eas
1090 2634 1215 2714 fugatas
1244 2635 1290 2694 in-

112 2738 208 2817 duxit,
231 2743 267 2797 nt
289 2736 480 2816 Argonautis
502 2739 615 2800 iterum
636 2759 772 2818 pugnam
794 2739 976 2800 incitarent:
998 2758 1070 2798 nam
1091 2739 1124 2798 hi
1145 2738 1177 2799 in
1192 2738 1290 2798 Hera-

115 2840 181 2901 clea
201 2839 255 2902 vix
276 2841 379 2900 locum
400 2839 568 2902 habebant.
619 2842 724 2919 Atque
752 2842 874 2904 omnino
898 2841 1086 2904 contrarium
1108 2841 1291 2902 concludere

111 2943 202 3004 licet:
232 2942 361 3020 fugatae
382 2949 504 3003 tantum
526 2950 615 3004 erant
636 2943 742 3022 itaque
770 2945 847 3007 alias
870 2945 970 3006 denuo
999 2952 1105 3023 partes
1134 2943 1292 3023 suscipere

111 3052 290 3124 potuerunt.
342 3044 463 3107 Deinde
492 3067 554 3106 non
583 3045 742 3108 referebat
769 3067 842 3110 aves
873 3046 1015 3126 interfici,
1043 3047 1101 3108 sed
1125 3046 1293 3107 Arcadiam

113 3149 158 3209 eis
181 3145 314 3208 liberari.
358 3145 477 3219 Quodsi
498 3149 567 3227 quis
589 3149 751 3229 indignum
777 3170 845 3212 esse
875 3150 1027 3230 opinatur,
1057 3169 1130 3211 aves
1161 3149 1291 3228 crepita-

114 3252 184 3312 culo
205 3251 272 3312 solo
295 3256 330 3311 ut
345 3248 560 3330 Stymphalum
582 3252 793 3330 relinquerent
815 3260 981 3314 commotas
1005 3272 1073 3314 esse
1094 3287 1136 3297 -
1157 3251 1191 3310 id
1210 3249 1291 3329 quod

112 3352 248 3414 fortasse
274 3373 367 3414 causa
393 3361 459 3414 erat
485 3353 610 3416 fabulae
633 3355 800 3417 mutandae
829 3389 871 3402 —
902 3354 1126 3417 obvertendnm
1147 3361 1203 3433 est,
1233 3354 1292 3414 hoc

115 3455 339 3534 crepitaculum
361 3475 380 3515 a
402 3455 459 3516 deo
482 3455 599 3519 factum
621 3478 689 3520 esse
711 3465 743 3519 et
765 3459 913 3519 donatum
936 3479 954 3518 a
976 3457 1042 3518 dea.
1086 3456 1202 3517 Contra
1223 3455 1293 3516 aliis

112 3557 276 3636 indignum
298 3557 465 3640 videbitur,
497 3560 645 3621 auxilium
673 3560 800 3622 deorum
831 3580 898 3621 eam
928 3561 966 3620 ob
997 3567 1123 3620 causam
1152 3559 1226 3638 peti,
1257 3565 1293 3618 ut

113 3660 234 3722 bestias
257 3661 399 3721 venatori
421 3662 510 3738 quasi
532 3662 564 3723 in
585 3665 695 3743 plagas
718 3663 847 3742 agitent.

199 3764 312 3841 Itaque
333 3770 409 3843 puto
431 3771 594 3844 utramque
616 3766 742 3828 fabulae
764 3765 900 3845 speciem
922 3764 1054 3826 vetustis
1084 3763 1146 3826 iam
1175 3771 1293 3842 tempo-

113 3867 204 3928 ribus
227 3865 394 3947 exstitisse,
420 3867 554 3946 primum
576 3890 649 3931 aves
671 3853 805 3930 interfici
826 3902 869 3913 —
891 3867 924 3928 id
946 3867 1029 3945 quod
1050 3887 1112 3929 non
1133 3867 1232 3929 solum
1255 3867 1293 3925 ab

113 3967 295 4030 auctoribus
317 3970 447 4032 Mnasea
475 3979 507 4032 et
529 3972 720 4052 Apollodoro
741 3971 926 4033 Atheniensi
950 3969 1175 4050 antiquioribus
1197 3968 1293 4030 tradi·

112 4079 175 4150 tur,
205 4071 379 4134 sedetiam
400 4075 605 4136 monumentis
626 4076 719 4153 longe
741 4073 1003 4152 antiquissimisl)
1033 4071 1231 4134 confirmatur
1252 4106 1294 4118 —

186 4241 212 4307 1)
238 4239 312 4308 Quae
329 4241 530 4312 Fummngler
546 4243 575 4298 in
592 4246 709 4294 Brauon·
725 4247 764 4296 lea
785 4247 850 4307 matt
867 4240 1021 4314 composuit
1059 4239 1137 4308 Quod
1154 4239 1239 4295 altera
1255 4239 1295 4294 fa·
1352 4272 1354 4276 -

109 4325 193 4383 bulae
211 4325 314 4398 species
333 4329 511 4386 monumentis
530 4344 585 4385 non
605 4329 750 4396 exhibetur,
776 4327 997 4385 considerandum
1021 4329 1064 4382 est
1086 4342 1148 4382 ares
1173 4325 1295 4396 expulsas

110 4415 222 4470 tantum
239 4429 299 4468 esse
315 4412 349 4469 ab
367 4413 470 4470 artifice
487 4414 529 4470 rix
545 4413 664 4486 potuisse
681 4414 799 4486 depingi.
1089 4499 1106 4552 4
