3062 5070
704 349 917 407 ..33-

221 518 322 596 Styra,
344 517 487 596 Eretria),
507 517 672 596 Cythnum,
692 519 939 596 Hellespontum,
955 517 1083 596 Ioniam,
1103 517 1288 596 prrum1).
1324 520 1412 579 Puto

221 621 318 698 igitur
339 641 395 699 pro
420 621 624 682 Doriensibus
647 618 791 701 Dryopes
814 621 1041 700 expellentibus
1056 621 1223 680 Herculem
1245 621 1413 682 inductum
1513 623 1514 668 l

222 743 298 784 esse.
352 723 462 801 Mytho
499 723 596 801 igitur
632 745 693 785 non
725 725 824 784 solum
856 723 1054 784 tribuendum
1086 731 1133 784 est
1167 730 1306 802 tempus,
1347 745 1413 800 quo
1513 697 1514 786 l

221 827 373 887 Hercules
405 825 465 886 hoc
493 825 612 904 fecerit,
642 828 692 886 vel
714 828 809 906 locus,
839 826 894 886 ubi
915 826 993 886 haec
1014 847 1064 886 res
1087 826 1169 886 inter
1193 825 1271 886 elias
1293 846 1344 886 res
1367 826 1412 886 ab
1513 839 1514 846 ’

222 951 258 989 eo
281 937 387 1006 gestas
401 928 527 1019 ¹inserta
551 938 607 1007 est,
630 929 686 988 sed
709 929 802 989 etiam
826 949 927 1008 causa,
952 949 1006 989 cur
1027 929 1081 989 ille
1095 928 1277 1007 Dryopibus
1291 928 1413 988 bellum
1513 959 1514 1002 y

222 1030 337 1092 inferre
360 1038 486 1092 coactus
509 1031 559 1092 sit.
597 1031 687 1103 Quod
709 1032 795 1093 vario
818 1032 908 1092 modo
932 1031 1049 1092 factum
1072 1051 1141 1092 esse
1162 1030 1312 1092 videmus.
1350 1030 1413 1090 At·
1513 1009 1514 1096 l

225 1155 284 1212 que
307 1133 487 1212 saepissime
507 1140 579 1211 post
594 1133 772 1194 Deianiram
787 1135 820 1194 in
835 1133 1062 1195 matrimonium
1078 1134 1202 1196 ductam
1216 1134 1275 1193 hoc
1290 1134 1414 1193 bellum
1513 1169 1514 1216 1

222 1244 345 1314 gestum
368 1255 435 1296 esse
458 1235 600 1314 traditur,
624 1246 717 1314 atque
734 1237 881 1298 Deianira
903 1237 972 1317 ipsa
994 1244 1100 1316 partes
1123 1235 1156 1295 in
1180 1255 1215 1296 eo
1231 1236 1414 1314 suscepisse
1513 1235 1514 1310 ζ

222 1339 343 1417 dicitur,
375 1337 501 1399 deinde⁴
516 1338 582 1399 eius
617 1347 648 1400 et
675 1339 820 1401 Herculis
853 1339 944 1418 filius,
974 1339 1097 1418 Hyllus,
1128 1357 1223 1398 causa
1253 1345 1302 1398 est
1323 1339 1413 1408 belli,
1513 1327 1514 1364 ³

223 1443 302 1504 Nam
317 1442 432 1520 Hyllus
455 1440 536 1502 fame
552 1450 715 1518 torquetur
730 1450 823 1519 atque
840 1463 908 1503 cum
925 1442 1121 1520 Thiodamas,
1144 1462 1163 1500 a
1178 1461 1238 1517 quo
1254 1440 1413 1501 Hercules
1513 1493 1514 1520 ,

221 1544 443 1604 nutrimentum
474 1544 571 1623 petit,
604 1544 772 1622 quidquam
801 1545 876 1605 dare
909 1552 1048 1624 recuset,
1080 1564 1166 1604 arma
1197 1551 1306 1603 contra
1339 1563 1413 1602 eum
1513 1529 1514 1622 ,

221 1647 433 1725 capiuntur2).
475 1646 537 1707 Sed
560 1647 680 1708 dehac
704 1667 797 1708 causa
820 1649 918 1709 altera
940 1646 1048 1707 fabula
1068 1653 1231 1708 narratur:
1254 1645 1413 1706 Hercules

222 1750 303 1808 enim
336 1750 404 1828 ipse
434 1749 496 1810 cibi
523 1749 627 1829 inopia
655 1758 792 1829 urgetur.
836 1751 940 1828 Atque
964 1747 1194 1812 concedendum
1217 1754 1272 1826 est,
1295 1747 1328 1806 in
1350 1748 1414 1808 hac
1513 1759 1514 1828 J

222 1851 347 1912 fabulae
363 1850 461 1912 forma
475 1872 575 1928 neque
587 1852 765 1914 Deianiram
780 1873 880 1942 neque
891 1853 1021 1930 Hyllum
1037 1853 1139 1912 locum
1155 1851 1269 1910 habere
1286 1849 1413 1910 debere.

222 1955 326 2031 Atque
347 1954 424 2015 haec
446 1952 553 2015 fabula
576 1955 616 2015 ad
639 1964 757 2016 certum
781 1957 898 2016 cultum
920 1948 1075 2034 (Ἡρακλῆς
1096 1953 1282 2032 Βουθοίνης)
1306 1952 1413 2014 decla-

219 2056 349 2117 randum
379 2064 529 2134 usurpata
560 2065 616 2119 est.
669 2059 734 2119 Aut
763 2059 860 2137 igitur
892 2059 946 2120 ubi
979 2058 1082 2118 cultus
1117 2055 1280 2134 exstabat,
1315 2056 1414 2116 etiam
1513 2047 1514 2122 l

226 2157 322 2220 αἴτιον
351 2161 536 2229 narrabatur
558 2195 600 2205 —
621 2168 688 2222 tum
711 2167 813 2222 autem
835 2161 941 2222 fabula
961 2158 1135 2220 Trachiniis
1156 2158 1282 2238 propria
1303 2167 1353 2219 est
1367 2194 1408 2204 —
1513 2215 1514 2228 ,

227 2269 288 2341 aut,
312 2284 381 2324 cum
402 2283 523 2342 semper
546 2264 647 2325 cultus
670 2265 823 2326 vetustior
845 2265 887 2326 sit
909 2284 1000 2341 quam
1022 2282 1081 2340 res,
1104 2281 1142 2321 ex
1158 2281 1219 2337 qua
1235 2268 1322 2322 ortus
1338 2281 1411 2322 essa
1513 2247 1514 2310 l

228 2365 350 2444 dicitur,
373 2364 469 2426 αἴτιον
492 2367 728 2446 ascriptoribus
750 2367 910 2428 inventum
933 2362 1029 2442 esti),
1049 2371 1143 2441 atque
1158 2363 1225 2423 fieri
1239 2364 1350 2442 potuit,
1373 2373 1412 2424 ut
1513 2411 1514 2422 ,

142 2487 144 2491 ’
228 2467 435 2530 Callimachus
464 2468 583 2547 primus
615 2469 674 2530 hoc
707 2470 905 2548 excogitaret.
955 2467 989 2527 si
1017 2468 1076 2528 hoc
1106 2487 1214 2528 verum
1244 2475 1300 2544 est,
1330 2467 1412 2527 haec

229 2571 327 2630 altera
349 2591 442 2631 causa
465 2591 503 2630 ex
524 2571 626 2649 priore
647 2571 702 2632 illa
725 2572 823 2632 cultui
845 2570 1075 2632 accommodata
1097 2589 1165 2630 esse
1187 2575 1292 2648 potest
1306 2589 1411 2646 neque
1513 2623 1514 2658 ,

228 2693 283 2752 pro
306 2673 432 2752 propria
453 2672 560 2733 fabula
581 2673 723 2735 habenda
746 2681 802 2736 est.
1513 2749 1514 2766 ,

312 2792 455 2870 Denique
477 2793 602 2854 tertiam
623 2795 698 2856 belli
722 2813 846 2856 causam
867 2793 1025 2853 habemus.
1062 2791 1205 2870 Dryopes
1228 2790 1309 2851 enim
1331 2810 1412 2866 gens
1513 2853 1514 2896 ,

227 2903 300 2956 sunt
331 2896 483 2956 scelerata
513 2903 605 2973 atque
628 2898 667 2957 ob
689 2897 770 2957 hanc
792 2915 915 2956 causam
939 2896 978 2955 ab
1001 2895 1137 2955 Hercule
1159 2894 1326 2955 vincuntur
1348 2913 1412 2952 non
1513 2919 1514 2956 ι

226 3149 339 3204 Mueller
363 3149 432 3206 143
457 3132 607 3205 Curtiusll
625 3149 678 3204 454
695 3147 778 3204 (trote
794 3149 809 3203 I
827 3147 878 3204 63⁷
895 3150 968 3204 recte
989 3147 1112 3204 ridentur
1130 3165 1161 3204 ex
1179 3149 1232 3204 situ
1250 3148 1411 3219 oppidorum

227 3234 396 3298 conclusisse,
415 3233 448 3290 de
466 3233 568 3290 Nemea
587 3233 709 3291 dubitare
726 3233 814 3288 liceat
1513 3243 1514 3278 l

314 3319 339 3388 1)
358 3319 386 3376 cf
408 3319 430 3376 0
457 3319 570 3380 Mueller
587 3324 640 3370 Dor
656 3318 671 3372 I
688 3319 722 3373 42
740 3334 789 3388 sqq
807 3319 865 3374 259.
883 3350 917 3359 -
935 3319 1155 3376 coniunctionem
1179 3336 1238 3374 cum
1265 3319 1411 3376 Ambracia
1513 3307 1514 3334 ³

227 3408 256 3460 et
278 3405 359 3476 Epiro
386 3405 485 3460 iactam
509 3405 626 3460 nondum
650 3404 794 3473 intellego:
820 3405 871 3460 Nic
897 3423 930 3476 ap
956 3406 1011 3462 Ant
1036 3405 1087 3460 Lib
1113 3407 1137 3460 4.
1180 3403 1276 3460 Nescio
1301 3422 1335 3460 au
1361 3423 1412 3475 per
1513 3429 1514 3440 ¹

227 3490 339 3558 fabulas,
359 3507 426 3560 quae
444 3506 503 3545 cum
514 3490 643 3556 ticianae,
660 3491 767 3560 Euryto,
785 3491 970 3547 Andraemone
982 3492 1138 3548 coniunctae
1152 3495 1221 3558 sunt
1238 3491 1281 3547 via
1293 3491 1328 3546 ad
1340 3491 1410 3548 hanc
1513 3485 1514 3548 ]

227 3592 283 3631 rem
300 3574 492 3631 enucleandam
507 3575 583 3632 ierat
594 3607 628 3615 —
638 3576 716 3642 Quod
734 3577 856 3647 Dryopes
875 3577 1033 3647 genealogia
1051 3577 1132 3634 etiam
1150 3594 1209 3634 cum
1221 3579 1409 3647 Peloponneso
1513 3623 1514 3642 ,

227 3660 424 3729 coniunguntur
440 3661 531 3730 (Asine
554 3661 609 3717 filia
626 3661 833 3718 Lacedaemonis
858 3665 900 3718 eet
916 3679 950 3733 ap
969 3663 1000 3718 st
1018 3662 1041 3718 B
1060 3679 1072 3718 e
1089 3680 1113 3728 r,
1130 3663 1259 3719 Hermion
1276 3663 1413 3719 Phorouei
1513 3665 1514 3676 ¹

211 3745 297 3800 ‘filius
316 3762 349 3815 ap
366 3745 437 3801 Paus
454 3745 540 3812 1134,
557 3747 592 3810 4),
609 3764 664 3803 non
686 3747 819 3808 miramur.
854 3747 978 3804 Forsitan
996 3748 1076 3804 etiam
1095 3748 1128 3804 de
1145 3747 1248 3816 Danao,
1272 3750 1318 3819 qui
1335 3749 1411 3818 apud
1513 3789 1514 3808 η

226 3831 298 3886 Pher
316 3833 344 3885 et
362 3830 412 3886 Nic
428 3831 543 3901 Dryopis
560 3847 624 3886 avus
643 3835 690 3898 est,
708 3833 748 3887 ita
764 3832 934 3889 iudicandum
951 3833 993 3888 sit.
1513 3861 1514 3918 j

312 3915 339 3979 2)
357 3915 394 3972 ut
419 3915 470 3972 hoo
494 3915 626 3985 evaderet,
650 3920 722 3974 certe
749 3934 815 3987 opus
839 3921 904 3983 erat,
928 3916 1000 3987 quod
1023 3919 1095 3988 apud
1120 3920 1192 3977 Diod
1222 3922 1408 3990 computatum
1513 3919 1514 3964 ἐ

225 4002 352 4069 ridemus,
367 4003 473 4073 tempus
491 4002 600 4072 aliquod
617 4006 679 4074 poet
695 4002 892 4060 matrimonium
910 4019 969 4058 cum
980 4003 1106 4060 Deianira
1120 4005 1217 4061 initum
1228 4005 1408 4077 praeteriisse.
1513 3993 1514 4066 ἶ

314 4087 341 4152 3)
366 4087 444 4144 Certe
469 4087 566 4144 similia
591 4091 659 4144 αἴτια
686 4089 779 4145 similis
806 4090 846 4145 rei
869 4088 1005 4145 habemus.
1047 4089 1125 4153 Nam,
1150 4091 1222 4159 quod
1239 4091 1333 4160 Heyne
1354 4091 1409 4147 iam
1513 4081 1514 4134 ἒ

227 4174 337 4239 monuit,
362 4190 418 4229 rem
441 4173 520 4243 plane
538 4174 650 4229 similem
664 4175 699 4230 ad
716 4174 869 4230 Lindiorum
888 4174 1020 4243 quendam
1039 4175 1140 4232 cultum
1157 4174 1345 4232 declarandum
1363 4176 1412 4232 ed·
1513 4199 1514 4228 ι

228 4257 342 4313 bibitam
360 4258 487 4314 videmus.
521 4258 592 4330 Apld
610 4259 638 4314 II
656 4260 679 4325 5,
706 4260 745 4325 11,
771 4259 788 4315 8
804 4259 845 4329 (cf
859 4259 969 4316 Knaaolr
986 4260 997 4314 l
1014 4278 1028 4316 c
1046 4259 1097 4316 139
1115 4261 1175 4331 sqq)
1194 4264 1222 4316 et
1236 4261 1300 4317 Plut
1317 4278 1353 4331 qu
1371 4262 1411 4319 Gr
1513 4309 1514 4318 2

229 4343 270 4400 58.
305 4343 430 4400 Fortasse
455 4344 536 4402 etiam
560 4344 644 4400 altera
661 4344 808 4410 historiola,
827 4361 895 4415 quae
913 4361 973 4402 cum
990 4345 1068 4417 Syleo
1088 4346 1229 4404 coniuncta
1247 4348 1296 4412 est,
1320 4346 1411 4402 afferri

229 4431 335 4502 potest:
353 4428 381 4484 cf
395 4427 474 4484 Treta
491 4430 520 4486 in
537 4429 627 4482 FTO¹
644 4428 695 4486 453
714 4429 814 4499 (Eurip.
833 4429 903 4501 Syl).
