3062 5070
742 315 953 372 ..60-

345 481 457 544 Restat
487 483 618 561 denique
640 505 701 545 una
723 483 846 545 fabulae
878 484 925 545 de
955 485 1139 546 Hercule
1161 483 1446 564 Hesperidum
1524 535 1525 560 ,

215 580 218 584 ’
259 604 375 664 poma
405 593 674 666 apportante,
706 608 785 666 quae
814 588 965 665 Wagneri
995 588 1169 667 opinionem
1197 587 1320 649 firmare
1351 607 1447 666 posse
1524 609 1525 628 ¹

260 688 410 749 videatur.
453 690 533 750 Nam
556 711 625 751 oum
646 691 837 769 Pherecydis
859 690 1033 769 fragmenta
1056 694 1109 768 (33
1132 695 1202 770 sqq)
1225 712 1294 752 oum
1315 689 1446 769 Apollo·

264 791 331 851 dori
346 792 520 853 narratione
537 793 589 872 (H,
612 795 640 872 5,
665 797 716 872 ll)
732 794 1019 873 comparaverimus,
1041 795 1095 856 vix
1110 793 1252 855 dubitare
1265 792 1448 872 poterimus,

260 893 471 973 Pherecydem
493 896 532 956 ab
548 895 736 976 Apollodoro
760 897 948 977 exscriptum
971 917 1046 975 esse,
1068 897 1181 958 utiam
1202 898 1322 976 Heyne,
1345 897 1447 974 Stura,
1524 895 1525 924 ¹

260 997 380 1057 Robert
409 1004 606 1077 putaverunt,
636 1001 686 1061 vel
712 1001 816 1079 potius
839 1002 877 1061 ab
901 999 1064 1061 enchiridii
1086 1008 1220 1061 auctore.
1264 999 1328 1060 Sed
1350 998 1447 1060 etiam
1524 1007 1525 1016 ¹

259 1099 310 1159 hic
341 1099 465 1160 fabulae
495 1100 533 1161 dc
555 1101 677 1162 Lindiis
707 1111 739 1163 et
761 1102 800 1163 de
822 1103 926 1181 Cycno
949 1102 1084 1164 insertae
1106 1110 1187 1181 sunt,
1217 1121 1318 1180 noque
1340 1102 1446 1162 minus
1524 1167 1525 1185 ,

259 1201 293 1260 in
337 1200 443 1262 fabula
479 1203 517 1264 de
553 1204 698 1266 Busiride
733 1205 850 1266 tradite
886 1205 1108 1267 contaminatio·
1141 1204 1338 1284 agnoscenda
1376 1225 1448 1266 esse

259 1302 425 1383 videtur1).

346 1713 578 1837 Respicientes
609 1757 704 1836 igitur
734 1776 838 1817 omnes
862 1756 1052 1834 Pherecydis
1083 1756 1121 1817 de
1143 1733 1278 1816 Hercule
1309 1754 1447 1834 fabulas,
1524 1801 1525 1864 ,

262 1879 340 1936 quae
364 1881 433 1921 cum
447 1861 532 1940 Apld
554 1861 586 1921 in
608 1862 666 1921 hac
688 1860 811 1938 quidem
825 1868 914 1940 parte
930 1859 1101 1938 comparari
1114 1867 1253 1937 possunt,
1275 1858 1308 1918 id
1323 1865 1448 1919 certum

260 1983 328 2022 esse
342 1971 426 2042 puto,
441 1964 592 2041 Wagneri
607 1963 792 2024 sententiam
806 1964 897 2041 plane
912 1961 1103 2023 abiciendam
1119 1982 1196 2023 esse.
1233 1962 1323 2034 Quod
1339 1969 1448 2022 autem
1524 1963 1525 1974 ¹

259 2065 334 2144 ipse,
374 2087 450 2143 quos
481 2067 558 2127 alios
588 2073 731 2128 auctores
759 2067 812 2126 ille
841 2073 996 2144 sequetur,
1028 2066 1112 2126 nullo
1141 2063 1205 2126 iere
1235 2065 1302 2125 loco
1334 2085 1447 2124 eruere

260 2168 355 2246 potui,
385 2175 440 2229 aut
469 2169 591 2231 omnino
620 2170 724 2250 inopia
753 2169 884 2231 fontium
915 2175 1080 2230 excusetur
1101 2176 1156 2228 aut
1178 2189 1221 2246 eo,
1252 2166 1334 2244 quod
1356 2167 1448 2247 Apld
1524 2147 1525 2198 i

264 2271 456 2334 narrationes
486 2293 579 2352 saepe
607 2273 780 2352 singulares
809 2280 882 2334 sunt
903 2291 1003 2350 noque
1025 2271 1137 2332 iterum
1159 2270 1242 2349 apud
1264 2270 1341 2331 alios
1363 2271 1444 2331 scri-
1524 2285 1525 2296 ¹

263 2380 368 2451 ptores
390 2375 596 2436 inveniuntur.
633 2376 754 2438 sivero
770 2376 820 2437 cui
834 2376 925 2436 nimis
945 2381 1035 2436 caute
1051 2373 1152 2451 egisse
1167 2373 1288 2435 videor:
1311 2373 1445 2433 dubium

264 2475 395 2555 videtur,
426 2484 529 2538 utrum
560 2478 670 2540 melius
700 2478 742 2540 sit
771 2499 849 2556 quae
879 2478 948 2556 quis
970 2478 1049 2538 scire
1071 2483 1175 2556 potest
1196 2478 1273 2538 haec
1295 2495 1365 2536 eum
1387 2496 1443 2535 ex·
1524 2481 1525 2544 l

264 2579 372 2639 hibere
402 2601 441 2640 an
472 2580 664 2643 coniecturas
693 2581 838 2661 proferre,
870 2601 948 2659 quae
970 2581 1015 2642 ita
1037 2581 1159 2641 demum
1181 2578 1272 2640 utiles
1294 2585 1374 2656 sunt,
1405 2586 1444 2639 ut
1524 2639 1525 2654 ,

264 2682 303 2742 ab
326 2681 394 2743 aliis
416 2683 599 2745 refellantur
622 2693 653 2746 et
675 2685 721 2746 sic
743 2684 783 2745 ad
804 2685 967 2746 veritatem
990 2683 1194 2762 detegendam
1215 2680 1326 2742 ferant.
1361 2681 1446 2742 Nam

261 2791 425 2864 postquam
447 2794 511 2846 tam
532 2808 633 2866 pauca
655 2787 756 2848 adhuc
779 2786 817 2848 de
839 2785 1019 2865 Pherecyde
1042 2794 1130 2846 eruta
1152 2791 1232 2863 sunt,
1255 2805 1335 2862 quae
1357 2792 1447 2845 certa
1524 2783 1525 2832 l

261 2888 365 2966 putari
386 2897 524 2968 possunt,
548 2875 627 2950 nihil
648 2889 713 2950 fere
736 2898 772 2951 ut
792 2898 900 2952 notum
919 2889 1093 2969 ponendum
1109 2908 1176 2949 esse
1192 2907 1310 2965 censeo,
1332 2887 1444 2964 inquo
1524 2935 1525 2966 ,

262 2990 351 3068 quasi
379 2991 412 3051 in
442 2990 642 3054 fimdamento
673 2993 734 3054 alia
756 2993 911 3055 aedificari
932 2992 1061 3072 possint,
1092 2991 1148 3053 sed
1171 2990 1271 3051 omnia
1293 2990 1444 3069 oprimis

262 3094 421 3155 elementis
452 3095 659 3173 perquirenda
691 3116 758 3158 esse
791 3105 866 3176 puto
900 3103 931 3157 et
962 3095 1007 3156 ita
1040 3094 1079 3155 ad
1112 3113 1271 3155 commune
1303 3092 1342 3153 de
1373 3100 1443 3154 toto

262 3203 388 3258 auctore
410 3197 558 3258 iudicium
580 3199 837 3262 adscendendum.
862 3199 987 3276 ,Atque
1009 3198 1100 3259 valde
1123 3197 1240 3276 dubito,
1262 3217 1335 3256 num
1358 3196 1445 3274 apud
1524 3191 1525 3260 l

265 3307 387 3361 nostros
410 3301 448 3362 de
470 3300 584 3363 fabulis
607 3308 748 3363 auctores
770 3301 815 3363 ita
836 3301 889 3362 ille
911 3301 1015 3380 lateat,
1039 3307 1076 3360 ut
1097 3299 1198 3360 adhuc
1220 3305 1363 3378 putatum
1385 3305 1444 3376 est,

264 3410 295 3462 et
333 3422 518 3480 cognoscere
555 3405 630 3465 mihi
660 3404 768 3466 videor
801 3405 892 3466 aliam
921 3404 1095 3465 litterarum
1124 3401 1213 3481 quasi
1241 3399 1443 3481 provinciam,
1524 3473 1525 3492 ,

262 3505 318 3565 ubi
339 3507 436 3568 multo
458 3509 528 3587 plus
551 3509 591 3570 ad
613 3517 769 3571 auctorem
790 3507 1026 3586 intelligendum
1048 3505 1142 3568 effodi
1162 3505 1284 3585 poterit.
1322 3503 1384 3566 Sed
1402 3504 1443 3565 de
1524 3503 1525 3564 3

262 3608 321 3670 hac
350 3629 391 3688 re,
420 3619 584 3690 postquam
613 3612 787 3674 accuratius
816 3611 1011 3691 inspexerim,
1044 3609 1104 3670 alio
1134 3611 1202 3671 loco
1234 3607 1310 3669 mihi
1336 3607 1442 3669 dioen—
1524 3595 1525 3672 J

263 3711 336 3772 dum
358 3711 425 3774 erit.

263 3899 313 3955 693
330 3899 382 3956 del
397 3918 414 3955 v
430 3901 450 3956 h
467 3899 505 3954 IV
522 3900 556 3964 ὅ).
590 3900 768 3971 Apollodorus
786 3903 878 3957 contre
896 3898 1011 3955 concinit
1028 3914 1088 3953 cum
1105 3897 1223 3953 Hesiodo
1242 3896 1276 3965 (ir
1292 3895 1334 3952 34.
1352 3895 1386 3952 35
1402 3894 1442 3950 Rs
1524 3967 1525 3972 η

265 3987 298 4052 -Ι-
316 3986 362 4041 ech
381 3989 404 4040 A
422 3985 490 4051 693).
525 3987 561 4041 Et
577 3986 648 4056 Apln
665 3986 679 4041 I
698 3986 748 4042 156
765 3985 807 4054 Qu
825 3987 919 4058 Smym
937 3985 965 4040 lI
982 3985 1032 4042 273
1050 3983 1090 4040 Ov
1107 3987 1163 4038 met
1179 3981 1362 4038 x11549-7e
1379 3981 1443 4051 Hyg
1524 4041 1525 4052 ,

263 4071 277 4125 i
293 4071 325 4126 10
343 4071 489 4129 Hesiodum
506 4073 582 4143 sequi
598 4071 730 4128 videntur.
767 4072 821 4129 Sed
838 4073 934 4128 iterum
951 4071 1017 4127 haec
1034 4069 1126 4126 tabule
1143 4071 1171 4124 et
1187 4068 1215 4124 in
1232 4067 1347 4123 carmine
1364 4067 1442 4138 epiro

264 4158 293 4211 et
307 4157 336 4212 in
353 4157 447 4214 tabule
463 4158 570 4214 Ilernee.
587 4160 681 4213 exstet

351 4244 377 4314 1)
395 4243 424 4299 of
437 4260 516 4318 supra
532 4261 550 4316 p
568 4243 602 4299 29
620 4259 660 4314 sq.
679 4273 713 4284 -
729 4241 842 4317 Radtke,
858 4241 892 4297 de
909 4241 962 4311 Lys
979 4240 1044 4296 Alex
1061 4257 1079 4312 p
1098 4239 1148 4295 106
1165 4256 1203 4309 sq.
