3062 5070
725 300 936 359 ..32-

330 473 507 533 Consensus
537 471 668 548 denique
698 470 799 531 obiter
827 469 961 530 intuenti
987 468 1015 528 is
1046 487 1113 528 esse
1146 467 1307 546 videatur,
1345 469 1438 544 quod

240 576 307 634 Pan
340 573 382 651 (fr
416 576 467 652 16)
499 581 535 634 ut
567 574 650 633 Pher
684 571 725 651 (fr
755 575 783 633 8.
816 575 868 650 76)
900 570 1161 649 Appollinem
1201 571 1306 648 apud
1344 570 1437 629 Ad-

240 686 388 738 metum
422 676 567 738 serviisse
599 683 712 736 narrat.
760 675 822 736 Sed
854 673 1020 735 verisimile
1055 680 1127 752 est,
1151 673 1209 733 hoc
1240 681 1306 732 tum
1345 693 1436 733 com·
1513 685 1514 714 l

239 787 440 840 memoratum
463 799 546 856 esse,
570 798 639 839 cum
661 779 812 838 Hercules
835 776 1008 838 serviturus
1041 775 1119 851 (sive
1147 776 1188 835 ad
1210 776 1438 852 Eurystheum
1513 773 1514 842 ζ

241 882 319 958 sive)
342 883 381 942 ad
404 881 586 959 Omphalam
608 881 720 958 irec1),
753 880 842 957 eique
864 879 978 940 solacio
1002 877 1135 938 fortasse
1158 899 1176 938 a
1199 878 1336 955 quodam
1364 878 1436 937 dic-

240 992 313 1046 tum.
357 984 419 1044 Hic
439 982 662 1060 Panyassidem
684 989 774 1042 notas
797 981 946 1058 quasdam
968 980 1089 1041 fabulas
1113 981 1315 1058 omnibusque
1342 999 1435 1041 com·

239 1107 346 1147 munes
369 1086 500 1164 elegisse
525 1092 654 1163 apparet
676 1104 776 1161 neque
799 1083 882 1161 quod
903 1083 1101 1160 Pherecydes
1123 1084 1241 1144 talibus
1272 1083 1304 1142 in
1327 1083 1435 1142 rebus

240 1210 310 1250 cum
333 1209 368 1249 eo
392 1187 545 1250 consentit
566 1187 677 1249 mirum
699 1194 755 1248 est.

324 1291 467 1353 Vidimus
489 1289 594 1368 igitur,
617 1310 769 1366 nusquam
792 1289 868 1349 duos
891 1288 961 1348 illos
988 1277 1157 1366 scriptores
1186 1287 1294 1347 eadem
1323 1285 1433 1346 tradi·

240 1395 323 1456 disse
355 1392 560 1455 demonstrari
590 1413 700 1471 posse,
734 1399 840 1452 contra
875 1391 1084 1468 compluribus
1119 1391 1151 1450 in
1185 1391 1278 1450 rebus
1312 1397 1433 1468 aperte
1513 1405 1514 1420 ¹

240 1497 424 1575 discrepare.
468 1494 615 1567 Quamvis
636 1494 768 1573 pusillae
797 1493 911 1572 partim
940 1514 990 1554 res
1022 1493 1099 1570 sint,
1134 1500 1237 1552 tamen
1266 1492 1299 1552 in
1332 1499 1433 1552 tanta

239 1598 483 1677 fragmentorum
504 1597 608 1676 inopia
639 1597 793 1674 cogimur,
824 1596 850 1656 si
883 1596 1007 1673 quidem
1036 1603 1121 1656 recta
1153 1595 1205 1655 via
1233 1615 1269 1655 ac
1299 1595 1432 1655 ratione
1513 1589 1514 1606 ²

239 1701 443 1781 procedimus,
464 1721 579 1778 negare
594 1699 807 1776 Pherecydem
829 1698 921 1760 huius
943 1705 1053 1777 poetae
1076 1698 1210 1759 carmine
1232 1718 1322 1758 usum
1343 1716 1430 1758 esse.

239 1804 352 1866 Nescio
374 1803 479 1882 igitur,
511 1803 662 1879 quomodo
685 1802 826 1878 Wagner
847 1801 1033 1862 sententiam
1054 1821 1141 1860 suam
1163 1798 1348 1860 defensurus
1374 1799 1430 1859 sit.

323 2333 428 2452 Quod
449 2376 552 2428 autem
574 2375 696 2446 censet,
718 2366 940 2446 Apollodorum
968 2357 1006 2423 '1¹71
1037 2366 1091 2423 hcc
1121 2365 1305 2423 bibliothecae
1330 2375 1428 2441 poree
1513 2405 1514 2434 ,

241 2475 342 2552 ubique
363 2493 400 2530 ar
414 2471 573 2548 Pherecyde
591 2463 724 2549 pandere'
735 2470 763 2548 8)
786 2475 878 2545 atque
901 2467 973 2544 quia
990 2468 1023 2527 in
1038 2467 1097 2528 hac
1111 2473 1200 2546 parte
1215 2467 1426 2543 Panyassidis
1513 2455 1514 2460 ἵ

239 2575 373 2652 vestigia
412 2573 569 2634 detexisse
604 2573 664 2634 sibi
703 2572 840 2650 videtur,
881 2572 940 2632 hoc
972 2569 1061 2630 modo
1097 2568 1270 2648 opinionem
1299 2568 1425 2630 'firmari
1513 2623 1514 2628 ,

238 2685 342 2757 putat,
375 2676 415 2736 ad
447 2676 526 2736 hanc
557 2694 622 2735 rem
652 2673 873 2735 enucleandam
904 2693 1030 2734 necesse
1061 2679 1108 2732 est
1141 2692 1193 2732 eas
1224 2670 1346 2731 fabulas
1380 2673 1423 2732 ab

239 2779 428 2858 Apollodoro
452 2777 490 2837 de
513 2778 647 2838 Hercule
669 2777 802 2838 traditas
832 2776 1007 2838 accuratius
1036 2775 1202 2853 inspicere,
1234 2773 1272 2834 de
1305 2774 1423 2850 quibus

239 2881 332 2943 etiam
355 2901 392 2942 ex
413 2880 594 2958 Pherecyde
617 2880 734 2958 aliquid
756 2881 878 2942 scimus.
928 2878 996 2951 Qua
1027 2879 1065 2938 de
1095 2897 1128 2937 re
1153 2897 1235 2936 nunc
1257 2876 1346 2937 nobis
1371 2884 1422 2938 est
1513 2923 1514 2974 ,

241 2984 461 3045 disserendum.

323 3086 427 3163 Atque
449 3084 627 3170 proficiscar
649 3107 667 3146 a
690 3085 810 3147 duobus
831 3083 1021 3163 fragmentis,
1034 3101 1122 3160 ¹quae
1144 3079 1333 3159 Apollodoro
1355 3081 1422 3160 ipsi

239 3190 395 3250 debemus.
438 3187 575 3248 Primum
604 3189 640 3248 Π
670 3190 697 3267 7,
720 3191 789 3268 5,2
824 3191 877 3264 (=
904 3186 934 3247 fr
957 3187 1009 3263 37)
1040 3205 1077 3245 ex
1106 3183 1286 3260 Pherecyde
1317 3183 1420 3262 affert,
1513 3171 1514 3236 i

238 3291 482 3352 Amaltheae
511 3291 651 3351 cornui
685 3299 804 3351 tantam
833 3291 896 3351 vim
926 3288 1071 3366 infuisse,
1103 3293 1139 3347 ut
1170 3285 1321 3364 quidquid
1354 3287 1420 3348 cibi
1513 3293 1514 3354 l

238 3403 370 3474 potusve
402 3393 555 3472 quispiam
587 3401 758 3473 expeteret,
789 3395 876 3471 large
908 3391 1169 3470 suppeditaret³).
1223 3387 1321 3460 Quam
1351 3409 1420 3449 rem
1513 3443 1514 3471 ,

238 3497 322 3576 Apld
345 3496 469 3557 fabulae
491 3496 538 3556 illi
560 3496 707 3572 adnectit,
731 3517 799 3575 qua,
823 3495 973 3574 quomodo
989 3494 1139 3555 Hercules
1161 3491 1333 3552 Acheloum
1348 3491 1417 3551 vin-

239 3619 311 3660 cens
333 3599 499 3660 Deianirae
521 3599 697 3676 coniugium
719 3598 781 3659 sibi
809 3598 981 3678 paraverit,
1013 3595 1146 3675 exponit.
1195 3594 1290 3655 Dicat
1319 3593 1418 3672 igitur
1513 3577 1514 3630 Ῐ

239 3702 392 3781 quispiam
414 3702 494 3762 hanc
516 3701 654 3762 fabulam
675 3710 773 3763 totam
796 3722 834 3763 ex
848 3700 1028 3779 Pherecyde
1051 3706 1204 3777 sumptam
1220 3717 1295 3758 esse.
1329 3696 1417 3769 Quae
1513 3693 1514 3700 ἶ

239 3805 415 3866 coniectura
444 3825 480 3864 eo
509 3804 683 3866 confirmari
704 3805 862 3882 videatur,
893 3801 975 3881 quod
997 3803 1161 3862 Amalthea
1191 3822 1209 3860 a
1238 3799 1322 3858 nullo
1355 3799 1417 3860 alio

239 3927 441 3934 -σ-η-ο-

325 3974 351 4042 1)
369 3972 397 4028 cf
410 3971 539 4038 Mainake,
557 3977 618 4025 aaut
637 3977 699 4024 Alea
715 3990 733 4043 p
752 3972 808 4028 180.

325 4059 352 4123 2)
370 4058 497 4113 Similiter
512 4059 566 4114 iam
583 4060 747 4115 iudicaverat
763 4059 856 4129 Heyne
874 4056 908 4112 ad
925 4057 996 4127 Apld
1012 4073 1030 4128 p
1047 4057 1105 4112 406.

323 4145 350 4212 3)
378 4144 500 4200 Ceterum
523 4144 575 4199 hoc
598 4143 711 4200 frPher
736 4144 821 4198 solum
844 4143 908 4213 Epit
924 4143 979 4198 Vat
995 4142 1137 4211 exscripsit
1181 4141 1232 4196 sed
1255 4148 1433 4210 quamquam

237 4231 355 4300 Wagner
377 4229 522 4293 infitiatur,
547 4232 638 4284 tamon
655 4230 728 4300 Soplr
745 4229 827 4295 schol,
850 4229 896 4298 qui
919 4227 958 4297 (Π
974 4242 992 4297 p
1010 4227 1042 4282 21
1060 4227 1142 4288 Dind)
1167 4225 1238 4298 Apld
1254 4224 1282 4279 II
1304 4225 1328 4288 7,
1346 4225 1362 4278 5
1381 4255 1414 4263 —

236 4405 361 4458 tomator.

237 4317 309 4383 117,
332 4317 355 4381 7,
380 4314 412 4370 12
431 4314 582 4384 descripsit,
605 4314 699 4369 melior
716 4315 827 4385 singulis
844 4313 923 4368 rehu·
940 4312 1019 4367 tostis
1036 4313 1230 4374 videturesse,
1254 4326 1334 4381 quam
1359 4311 1415 4380 epi·
1513 4307 1514 4376 J
