3062 5070
577 331 787 390 ...59-

86 502 149 566 sed
180 502 274 563 etiam
296 501 439 564 Thessali
467 502 540 564 olim
562 502 618 564 Ooi
647 501 868 581 consedissent,
897 507 1061 581 utrumque
1090 500 1273 580 genealogia

89 606 293 668 coniunctum
315 614 372 685 est,
395 625 464 667 cum
484 607 651 668 Herculem
672 605 717 667 ibi
740 626 809 666 eum
830 605 895 666 fflia
916 604 999 684 regis
1014 605 1197 666 Thessalum
1219 625 1272 683 ge-

88 709 200 770 nuisse
221 707 381 770 dicebant:
406 710 508 769 13677
531 708 619 770 csoh
641 712 692 785 (ex
713 727 750 769 eo
765 708 822 769 sch
843 708 925 768 Pind
946 709 976 770 N
997 711 1026 786 4,
1041 710 1091 768 40.
1135 706 1272 767 Confusa

3 859 4 886 ;
89 811 178 892 apud
200 811 277 890 Hyg
297 810 314 871 f
333 813 374 872 97
397 810 431 873 cf
449 810 467 871 f
485 812 547 889 81).
598 810 689 872 Hanc
718 809 856 872 fabulam
886 831 956 872 cum
976 811 1030 872 illa
1051 809 1105 872 vix
1127 808 1272 886 coniungi

89 936 186 995 posse
207 915 240 975 in
261 913 426 994 propatulo
449 921 505 975 est.
549 914 629 975 Nam
650 914 695 975 ibi
716 935 735 974 a
752 913 828 975 Iove
850 915 1038 992 servatur1)‚
1060 913 1112 974 hic
1135 933 1205 974 eum
1226 912 1271 974 vi-

3 1023 4 1082 3
90 1020 175 1082 cisse
200 1025 233 1080 et
259 1016 316 1077 Ooi
344 1016 460 1078 incolas
485 1037 649 1096 superasse
679 1037 756 1096 opus
786 1024 842 1078 est.
891 1016 997 1095 Atque
1026 1016 1105 1077 hanc
1134 1013 1272 1075 fabulam

89 1143 163 1183 sero
195 1119 417 1197 (verisimiliter
438 1119 478 1180 ab
501 1119 659 1198 ingenuis:
691 1119 726 1182 cf
743 1124 894 1198 nummos)
925 1119 1032 1181 fictum
1062 1137 1130 1180 esse
1159 1137 1215 1196 per
1238 1137 1272 1178 se

91 1226 204 1285 elucet.
241 1223 321 1284 Nam
335 1222 503 1284 Herculem
523 1223 633 1284 urbem
656 1223 809 1300 quandam
824 1241 1011 1302 expugnare,
1033 1241 1139 1299 regem
1153 1240 1272 1298 necare,

91 1348 165 1388 cum
179 1326 244 1386 filie
258 1324 355 1385 filium
376 1325 504 1404 gignere
526 1346 618 1403 quam
639 1346 732 1405 saepe
754 1333 803 1387 est
824 1333 984 1387 narratum
997 1325 1039 1402 ²)1
1082 1323 1272 1385 Evolventes

90 1428 177 1490 nunc
198 1428 284 1508 Apld
304 1427 446 1489 videmus
467 1428 560 1506 plane
583 1429 690 1490 eodem
711 1428 802 1489 modo
824 1449 889 1490 rem
912 1427 1084 1506 expositam
1105 1446 1166 1504 quo
1190 1425 1273 1504 apud

89 1533 263 1593 Homerum
273 1532 316 1610 3);
340 1527 502 1609 ἐκρέμασεν
523 1523 619 1608 αὐτὴν
635 1528 665 1603 ἐξ
682 1526 836 1606 Ὀλύμπου
852 1579 858 1591 .
877 1576 883 1588 .
901 1576 932 1592 ..
956 1524 1032 1598 Διός
1053 1520 1274 1608 ἐξαρπάσαντος

92 1627 189 1694 αὐτόν
212 1627 540 1706 attiniacensis,
567 1653 628 1711 qua
649 1632 796 1693 narrandi
818 1633 947 1710 ratione,
972 1640 1007 1692 ut
1030 1651 1124 1711 supra
1147 1630 1272 1709 dictum,

91 1736 270 1799 coniunctio
287 1758 355 1798 cum
369 1736 538 1816 Chalciope
554 1737 679 1798 exclusa
701 1739 797 1814 est⁴).
841 1736 931 1797 Hanc
954 1742 1057 1796 autem
1078 1733 1273 1813 potissimum

91 1841 178 1919 apud
199 1839 412 1917 Pherecydem
443 1838 601 1900 habemus.
653 1839 755 1913 Quare
780 1859 868 1899 nemo
899 1837 1001 1899 adhuc
1022 1838 1105 1898 Pher
1127 1837 1166 1897 ab
1188 1835 1274 1915 Apld

90 1950 277 2022 usurpatum
300 1962 367 2003 esse
398 1941 576 2003 confirmare
606 1961 700 2002 ausus
732 1948 787 2003 est.
832 1941 909 2002 Cum
939 1947 1043 2001 autem
1071 1947 1139 2001 tota
1168 1938 1275 2000 fabula

91 2067 132 2105 ex
156 2045 201 2105 eis
223 2051 291 2105 orta
313 2044 362 2123 sit,
394 2065 473 2122 quae
495 2045 557 2104 iam
579 2044 662 2124 apud
683 2044 853 2105 Homerum
874 2044 1029 2122 leguntur,
1059 2043 1192 2122 primum
1213 2062 1274 2102 non

90 2149 205 2209 mirum
227 2156 283 2226 est,
313 2147 526 2225 Pherecydem
548 2153 580 2208 et
601 2145 825 2226 Apollodorum
846 2145 880 2207 in
902 2144 1089 2225 quibusdam
1110 2145 1205 2205 rebus
1227 2150 1273 2203 at·

92 2251 264 2328 quostiam
279 2251 382 2312 verbis
398 2250 579 2328 consentire,
601 2256 668 2310 tum
690 2257 793 2310 autem
815 2270 854 2310 ne
876 2249 910 2309 id
925 2249 1048 2328 quidem
1071 2248 1138 2308 erui
1159 2253 1270 2326 potest,

92 2374 175 2432 quae
196 2353 229 2414 in
250 2353 339 2414 initio
362 2353 473 2415 scholii
493 2352 684 2433 Pherecydis
714 2353 768 2432 sit,
798 2373 877 2431 quae
904 2373 943 2413 ex
964 2350 1092 2413 Homeri
1119 2350 1270 2428 interpre-

94 2456 214 2518 tatione
236 2455 407 2530 fluxerit⁶).

92 2644 193 2712 putem,
210 2656 301 2696 versus
318 2640 397 2696 modo
415 2641 492 2696 allati
509 2644 681 2707 commovent,
698 2657 856 2712 quemqnam
868 2641 951 2696 Hichs
968 2639 1066 2712 pXIIl
1076 2641 1174 2704 censet,
1191 2638 1272 2694 etiam

89 2725 227 2798 poetaeE
252 2725 275 2782 0
300 2726 418 2782 familiae
445 2727 489 2781 vel
512 2726 600 2796 gentis
624 2726 750 2792 fabulam,
780 2729 811 2783 ut
834 2727 873 2783 its
890 2727 984 2792 dicem,
1009 2743 1089 2798 quam
1104 2726 1133 2780 in
1151 2725 1273 2794 catalogo
1372 2735 1373 2738 ’

92 2813 230 2876 habemns.
247 2815 340 2869 notam
357 2815 386 2868 et
402 2813 437 2869 ab
454 2813 501 2867 illo
524 2812 700 2884 significatam
720 2830 787 2877 esse,
805 2829 865 2868 cum
885 2813 930 2868 elii
947 2829 1002 2869 non
1019 2813 1104 2868 solum
1121 2811 1274 2880 catalogum

93 2899 221 2954 seriorem
246 2915 304 2955 esse
321 2898 406 2956 Iliade
423 2901 526 2969 putent
550 2899 598 2954 sed
616 2899 696 2955 etiem
713 2899 782 2955 hanc
807 2898 840 2955 de
856 2898 950 2955 insulis
966 2899 1020 2954 illis
1037 2901 1141 2971 partem
1159 2895 1275 2966 catalogi

91 2986 313 3042 additamentum.

181 3071 208 3140 1)
226 3071 259 3127 cf.
278 3071 324 3127 soh
341 3071 444 3127 'l'heocr
461 3073 485 3132 7,
504 3069 561 3128 131.

179 3156 206 3223 2)
226 3156 254 3212 oi
272 3158 414 3229 praecipue
438 3157 485 3213 soh
509 3157 578 3213 Pind
602 3157 628 3213 N
652 3158 676 3223 4,
693 3158 738 3213 4οε
766 3159 863 3226 λέγεται
886 3157 916 3213 δὲ
938 3157 1126 3224 πεπορθηκέναι
1149 3153 1192 3211 &d
1214 3156 1274 3215 τοὺς

90 3239 246 3308 Χαλκιόπης
269 3242 366 3308 ἔρωτας
391 3259 449 3298 cum
468 3242 610 3300 Oechaliae
634 3243 829 3314 expugnatione
853 3247 882 3300 et
904 3244 975 3300 Iola:
1000 3261 1031 3299 ex
1048 3259 1080 3313 gr
1097 3241 1171 3312 Soph
1187 3241 1273 3308 'l'raeh

90 3327 144 3384 350
168 3343 225 3398 sqq.
261 3328 338 3395 Quod
364 3330 419 3384 iam
441 3329 544 3385 Preller
567 3349 597 3394 ar
620 3335 684 3393 mett
709 3329 755 3386 11²
776 3329 828 3386 236
852 3347 870 3386 n
890 3330 907 3386 6
924 3333 952 3385 et
975 3328 1170 3386 Paion-Hichs
1187 3344 1205 3398 p
1223 3327 1273 3383 347
1370 3389 1373 3394 ,

93 3416 261 3469 monuerunt
278 3444 310 3454 -
329 3414 391 3471 Non
406 3414 535 3484 intellego
553 3414 670 3472 tabulam
687 3415 721 3471 ab
738 3416 846 3486 Hygino
863 3416 942 3472 fact
959 3415 1143 3486 significatam.

179 3497 207 3562 3)
226 3498 280 3555 Sed
291 3500 363 3571 Aple
380 3518 412 3556 er
422 3501 539 3556 Homero
556 3501 615 3571 ipso
633 3518 687 3557 con
698 3501 819 3556 hausisse
831 3503 931 3557 elucet:
948 3497 1143 3560 ’ΔστοοολοίοςΙ
1172 3498 1274 3565 ἐτρώθη

92 3584 122 3640 δὲ
151 3583 216 3638 κατὰ
239 3583 285 3650 τήν
311 3583 396 3654 μάχην
421 3583 468 3641 tut
487 3584 679 3646 Χαλκώδοντος.
697 3616 731 3626 -
749 3587 890 3644 Herculem
914 3585 1003 3643 aceo
1029 3584 1064 3641 ad
1082 3585 1211 3656 Gigantes
1229 3584 1275 3639 de-

92 3669 225 3740 ffigendos
242 3670 373 3741 proficisci
391 3687 450 3726 cum
467 3671 584 3727 Pindaro
601 3672 768 3743 potissimum
785 3673 915 3743 congruit.

179 3757 207 3825 4)
224 3757 319 3828 Itaque
339 3756 407 3827 Apld
432 3757 483 3813 sibi
508 3758 565 3828 ipse
589 3775 642 3815 non
665 3762 779 3824 constat
804 3775 863 3814 cum
888 3758 917 3814 II
935 3760 958 3825 Ἷ,
985 3758 1008 3822 t
1033 3755 1223 3811 9Thessalum
1243 3771 1275 3809 ex

92 3841 241 3913 Ghalciopa
257 3845 350 3897 natum
363 3847 559 3900 commemorat
1242 3854 1243 3858 ’

179 3929 206 3989 5)
224 3925 277 3982 Sed
297 3927 370 3996 quod
387 3928 490 3995 Αἰγαῖον
506 3931 616 3995 πέλαγος
633 3928 732 3985 diserte
750 3929 865 3995 affertur,
892 3930 964 3984 certe
981 3944 1012 3983 ex
1030 3925 1210 3984 controversia
1228 3925 1275 3980 seh

91 4013 114 4069 Τ
140 4011 212 4068 adO
231 4011 264 4067 27
281 4012 321 4082 (of
335 4012 414 4069 strab
431 4013 484 4070 VH
501 4014 552 4071 331
569 4014 594 4070 fr
611 4014 655 4082 58)
672 4019 760 4071 ortum
784 4032 842 4070 esse
867 4014 978 4070 ridetur.
1013 4012 1040 4069 oi
1054 4030 1133 4083 supra
1150 4029 1168 4082 p
1185 4012 1219 4068 40
1237 4027 1275 4081 sq.

93 4129 125 4139 -
145 4097 293 4154 Dicendum
317 4102 360 4154 est
382 4099 464 4154 etiam
481 4099 517 4166 id,
543 4101 620 4154 cirros
637 4100 710 4171 apud
725 4100 790 4157 Plut
805 4116 842 4170 qu
860 4100 898 4157 Gr
914 4099 948 4157 58
965 4100 1111 4170 peculiares
1129 4115 1172 4153 res
1189 4113 1275 4166 neque

92 4183 202 4240 aliunde
219 4186 298 4238 notas
315 4182 447 4253 exhibere,
466 4184 494 4240 of
507 4185 591 4240 Hiclrs
607 4203 625 4255 p
643 4185 706 4241 XVI
721 4203 740 4241 n
758 4187 781 4242 1.

180 4268 306 4324 Fortasse
322 4286 376 4325 non
392 4270 487 4326 inutile
505 4273 547 4326 est
563 4287 677 4336 monere,
694 4272 775 4342 plane
787 4270 906 4338 similem,
922 4270 994 4341 quod
1012 4269 1110 4326 attinet
1122 4268 1156 4324 ad
1168 4268 1276 4334 iontem,

1 4371 2 4382 ¹
93 4370 153 4410 esse
170 4352 288 4410 tabulam
306 4354 339 4409 de
356 4354 416 4425 Pyli
434 4356 644 4426 expugnatione:
662 4356 733 4428 Apld
750 4355 778 4411 Π
796 4357 822 4422 7,
837 4357 861 4423 3,
879 4357 902 4412 1.
930 4356 1001 4412 Nam
1018 4354 1089 4411 Diod
1106 4357 1179 4426 (post
1196 4353 1237 4414 33,
1247 4355 1275 4424 4)

91 4439 162 4496 hanc
186 4439 287 4495 omittit
311 4443 339 4496 et
357 4439 398 4506 31,
422 4440 589 4498 tdiversam
614 4457 721 4498 cansam
743 4445 836 4499 narrat
860 4447 940 4513 (quae
961 4441 1094 4498 consentit
1111 4457 1170 4498 oum
1187 4439 1234 4498 soh
1251 4443 1275 4500 Δ
