3062 5070
617 335 808 390 „5-

107 502 199 578 quod
223 503 347 564 omnino
372 501 455 582 apud
477 502 737 581 mythographum
753 501 879 562 Lorium
901 500 1060 562 exstitisse
1074 500 1128 562 vix
1143 499 1304 577 credimus,

107 625 303 683 quamquam
332 605 466 685 pessime
495 612 672 683 corruptum
702 613 758 682 est,
787 612 890 664 tamen
921 603 1110 664 aMuellero
1141 603 1221 664 falso
1254 623 1301 663 re·

106 709 262 770 stitutum
283 729 353 770 esse
376 706 522 786 cognosci
544 715 657 786 potest.
694 707 757 768 Sed
777 707 845 786 ipse
866 706 901 766 id
919 712 1041 766 tentum
1057 705 1304 768 animadvertere

107 832 250 890 possum,
282 810 495 890 Pherecydem
518 811 568 871 vel
590 809 778 872 Antiochum
807 816 871 870 tres
901 809 972 870 illos
995 809 1078 887 deos,
1108 808 1212 869 Osirin
1237 808 1303 868 Isin

107 915 245 993 Horum,
269 922 301 975 et
323 914 455 993 physica
468 913 589 974 ratione
603 913 842 992 interpretatum
857 931 925 973 esse
941 918 972 972 et
986 911 1110 972 nomina
1124 911 1303 990 veriloquio,

108 1018 207 1094 quale
222 1018 255 1077 in
269 1017 447 1096 peregrinis
458 1015 624 1095 praecipue
633 1015 737 1076 verbis
748 1034 816 1076 esse
828 1014 916 1093 solet,
928 1013 1110 1077 declarasse.
1140 1014 1260 1092 Itaque,
1276 1014 1304 1074 si

106 1121 144 1180 in
156 1121 209 1182 his
224 1120 361 1198 scholiis,
376 1119 590 1180 fundamentis
601 1119 647 1180 ita
657 1117 776 1197 positis,
792 1117 913 1178 omnino
926 1116 1066 1178 conicere
1076 1116 1158 1196 licet,
1169 1115 1303 1178 fortasse

105 1223 314 1284 scribendum
337 1230 399 1284 est:
427 1269 434 1284 .
459 1269 465 1282 .
490 1270 497 1283 .
520 1219 651 1302 λέγοντες
668 1208 748 1280 Ἶσιν
769 1214 999 1297 μετωνομάσθατ
1020 1213 1072 1296 τὴν
1095 1221 1150 1300 γῆν
1173 1211 1234 1280 cirri
1250 1220 1303 1296 τῆς

106 1325 180 1405 περὶ
206 1320 260 1404 τὴν
281 1325 368 1386 θέσιν
390 1320 444 1403 τὴν
467 1320 544 1385 κατὰ
567 1322 657 1402 μέσον
680 1317 824 1400 ἰσότητος,
854 1319 963 1400 ταύτης
985 1319 1017 1382 δὲ
1040 1315 1171 1397 ἆὸελφὸν
1185 1315 1303 1403 Ὄσιριν

108 1431 175 1498 (vel
194 1423 337 1510 ''Torprvl
360 1428 399 1490 cf.
423 1429 538 1490 Hellen
560 1427 590 1488 fr
613 1428 695 1505 154),
718 1421 795 1485 καθ’
819 1419 967 1503 Ἕλληνας
989 1421 1021 1486 ὑὲ
1044 1425 1104 1502 (Μ,
1133 1422 1183 1485 καὶ
1208 1425 1301 1505 codd)

110 1527 276 1608 Δι’όνυσον,
307 1526 359 1591 ro'v
391 1529 424 1592 la
450 1526 525 1601 Διὸς
547 1523 634 1592 deuio
655 1528 818 1608 (Oreuzer3
849 1523 914 1599 ἐτός
936 1528 1040 1606 codd.;
1063 1549 1103 1588 an
1124 1522 1225 1605 dervi)
1247 1523 1301 1611 (ἐς)

105 1639 167 1714 γῆν
206 1632 366 1714 ῥεόμενον,
405 1633 426 1712 †
456 1629 590 1712 Βρόντου
621 1631 715 1692 παῖδα
748 1625 824 1711 [τόν]
849 1619 952 1711 Ὦρον
981 1625 1032 1692 τόν
1062 1623 1174 1711 oipuiov
1203 1623 1302 1711 (ἔριον

106 1738 206 1814 codd)
229 1731 288 1815 ἤδη
313 1734 440 1816 καρπόν.

200 1841 256 1902 De
276 1839 492 1919 Apollinis
521 1839 668 1900 beculo
694 1841 852 1917 (postea
873 1835 1074 1898 Mercurii
1096 1835 1300 1911 caduceo):

105 1945 138 2004 fr
164 1943 209 2004 2¹³
236 1944 298 2024 (IV
322 1944 415 2004 637b
438 1943 483 2020 M)
505 1971 548 1994 =
570 1941 675 2002 schT
705 1941 744 2002 ad
771 1941 803 2000 Ω
826 1942 888 2001 343
910 1947 983 2019 post
1011 1936 1142 2000 δέδωκεν
1171 1937 1229 2000 ins.
1261 1929 1302 2008 ὥς

105 2042 160 2118 τὰς
185 2047 261 2124 βοῦς
285 2041 439 2124 &densiter
456 2040 620 2122 Ἀδμήτου.

199 2149 257 2210 De
288 2148 452 2210 Orione:

108 2253 140 2312 fr
170 2255 191 2312 3
221 2280 263 2306 =
294 2252 379 2331 Apld
408 2252 426 2314 1
454 2254 489 2329 4,
522 2253 541 2312 3
573 2251 667 2312 etiam
697 2271 734 2312 ea
763 2269 843 2327 quae
881 2247 964 2328 apud
992 2248 1084 2328 Apld.
1117 2256 1297 2326 sequuntur,

108 2356 319 2417 exscribenda
357 2362 462 2416 essent
495 2358 542 2430 (ut
571 2353 611 2414 K.
644 2354 678 2415 Ο.
708 2353 840 2414 Mueller
876 2351 952 2412 fecit
982 2353 1021 2414 tu.
1052 2353 1180 2411 deceret.
1215 2351 1295 2411 ectr.

107 2480 139 2538 p.
162 2461 245 2536 130),
267 2457 295 2520 si
317 2457 528 2536 Pherecydem
551 2478 589 2518 ex
610 2456 747 2518 Hesiodo
774 2454 914 2516 hausisse
936 2462 1055 2516 certum
1077 2461 1168 2516 esset.
1204 2453 1297 2515 Oerte

110 2561 259 2622 Orionem
287 2560 427 2639 Neptuni
463 2567 495 2621 et
523 2560 678 2638 Euryalae
714 2559 812 2619 filium
848 2578 917 2619 esse
953 2558 1037 2636 apud
1072 2577 1141 2618 eum
1176 2563 1298 2618 tantum

106 2671 235 2743 praeter
275 2664 368 2724 Pher.
410 2663 542 2741 legimus
579 2662 627 2740 (fr.
666 2665 705 2723 17
742 2661 812 2744 Ru).
862 2662 910 2722 De
947 2660 1022 2722 Sida
1058 2661 1183 2721 aliunde
1220 2661 1298 2721 nihil

106 2767 185 2826 mihi
214 2767 351 2827 innotuit
383 2786 482 2843 neque
508 2766 607 2844 magis
630 2767 669 2826 de
692 2765 792 2844 prima
812 2764 921 2826 mortis
944 2784 1038 2826 causa
1060 2768 1092 2842 (p
1115 2766 1143 2843 9,
1168 2765 1207 2823 12
1230 2763 1297 2840 Hr).

106 2869 241 2929 Omnino
256 2868 350 2948 Apld.
372 2869 512 2930 diversas
534 2889 584 2930 res
607 2869 792 2948 compilasse
815 2866 938 2930 videtur
952 2870 989 2944 1).
1030 2866 1111 2928 Nem
1126 2866 1211 2945 prior
1224 2885 1297 2945 pars

108 2972 292 3051 Hesiodum,
314 2973 413 3033 altera
434 2971 665 3050 Euphorionem
686 2972 815 3033 redolet.

196 3076 306 3152 Neque
338 3075 376 3136 de
399 3074 436 3136 fr.
459 3077 480 3134 4
500 3103 543 3128 ==
564 3075 620 3136 seh
642 3075 671 3133 A
694 3075 734 3133 ed
757 3077 787 3132 Σ
806 3076 869 3135 486
892 3071 1046 3134 adfinem
1067 3071 1204 3151 perveni.
1240 3071 1296 3130 At-

107 3199 167 3254 que
207 3198 264 3256 pro
304 3171 479 3258 Εὐφορίωνι
517 3175 558 3254 (fr
598 3180 658 3238 108
689 3177 785 3254 Mein)
817 3198 897 3238 unus
935 3177 1002 3237 cod.
1037 3174 1124 3236 Leid.
1161 3174 1296 3236 exhibet·

112 3277 280 3364 Φερεκύδῃ.
324 3281 436 3358 Itaque
458 3280 591 3341 Mueller
618 3279 741 3340 initium
764 3279 883 3357 scholii,
919 3279 1002 3357 quod
1025 3285 1109 3340 certe
1129 3298 1192 3339 non
1212 3278 1295 3338 Pher

107 3392 164 3460 est,
187 3383 388 3461 Euphorioni,
410 3382 502 3444 finem
516 3383 692 3462 Pherecydi
712 3383 833 3444 tribuit.
870 3383 931 3444 Sed
953 3382 1046 3444 etiam
1068 3382 1127 3443 hoc
1141 3382 1295 3461 Euphori-

110 3487 178 3546 onis
205 3506 274 3546 esse
295 3493 417 3565 potest;
445 3505 517 3546 nam
537 3486 617 3565 Upis
640 3485 724 3546 haud
746 3485 839 3546 dubie
861 3485 964 3546 Diana
984 3485 1054 3564 ipsa
1076 3480 1173 3562 orel).
1210 3486 1294 3564 Ergo

202 3653 227 3720 l)
247 3654 300 3709 Sed
318 3670 376 3709 oum
395 3653 499 3724 Heynio
518 3657 612 3709 contra
630 3652 827 3709 Schwenchium
839 3654 898 3723 (Rh
910 3654 977 3707 llus.
989 3651 1057 3707 XIII
1070 3653 1129 3722 145)
1140 3652 1294 3724 Neptunum

107 3741 135 3808 (p
153 3739 177 3803 9,
196 3737 277 3808 8Hr)
290 3739 477 3794 removendum
495 3742 568 3811 puto.
604 3739 718 3795 Omnino
736 3742 918 3810 exspectamus
935 3738 1081 3803 historiam,
1098 3737 1126 3793 iu
1144 3754 1197 3808 qua
1212 3737 1294 3793 Orion

106 3825 176 3878 douo
196 3827 305 3894 epatre
323 3825 387 3880 dato
404 3825 496 3880 utltur.
524 3825 583 3880 Hoc
601 3842 655 3880 nou
672 3825 778 3880 invenio
796 3825 847 3879 nisi
866 3825 937 3894 apud
955 3825 1026 3880 Serv.
1044 3823 1075 3880 V.
1087 3824 1119 3879 Δ.
1133 3825 1157 3878 X
1170 3824 1230 3892 763,
1249 3824 1295 3894 qui

106 3917 196 3964 tamen
213 3910 295 3966 etlam
307 3913 415 3980 praeter
427 3910 607 3966 confusionem
619 3910 707 3966 aliens
718 3910 815 3966 inferre
828 3910 939 3971 videtur.
969 3910 1048 3976 Certe
1059 3912 1150 3965 tamen
1160 3908 1293 3965 Hesiodus

106 3995 288 4066 Oenopionem
306 3995 396 4051 Liberi
420 3997 505 4051 filium
530 3998 684 4053 induxerat:
708 3997 756 4052 sch
774 4000 787 4049 l
806 3996 863 4052 197.
897 3997 993 4066 Itaque
1016 3995 1089 4051 haud
1112 3996 1166 4050 scio
1193 4011 1227 4050 an
1244 4011 1292 4065 pro

109 4082 241 4136 Ποσειδῶν
260 4081 430 4138 scribendum
453 4083 489 4138 eil
515 4081 644 4143 Διόνυσος,
674 4099 726 4153 qua
744 4083 896 4138 coniectura
912 4099 965 4138 nou
983 4080 1061 4153 Apld.
1078 4081 1243 4138 restituImus
1259 4112 1293 4121 -

107 4182 168 4220 nam
193 4167 308 4222 fortasse
334 4166 393 4238 ipse
418 4168 565 4223 erravit-
584 4168 632 4223 sed
657 4168 781 4224 fabulam.
800 4197 831 4208 -
851 4167 974 4224 Oeterum
992 4185 1010 4239 p
1028 4168 1052 4233 9,
1073 4168 1105 4221 11
1123 4167 1163 4221 Ητ
1180 4165 1293 4223 sortasse

105 4251 248 4320 legendum
267 4255 325 4308 est:
343 4249 385 4306 ὅτι
401 4255 465 4324 (τοῖς
483 4255 553 4315 θεοῖς
571 4252 706 4321 ἐμήνυσεν,
722 4250 776 4324 ὅτε)
790 4248 874 4318 11Δρει.

195 4335 223 4406 2)
241 4338 337 4408 Itsque
363 4338 387 4394 fr
414 4337 464 4394 109
481 4339 524 4394 vir
548 4357 580 4395 ex
600 4340 652 4395 alio
671 4341 788 4395 carmine
804 4338 983 4409 EuphorIonis
1001 4340 1135 4407 sumptum
1154 4340 1296 4410 astatque

113 4426 137 4480 fr
154 4423 212 4491 108,
229 4426 261 4478 ut
277 4424 399 4479 Meinelre
416 4425 539 4495 opinatus
557 4428 605 4480 est
