3062 5070
603 340 906 399 '-52-

210 510 334 572 talitate
357 511 514 592 donari1),
545 517 686 573 atcerte
714 513 754 572 cb
777 512 838 572 6116
864 518 953 590 parte
976 511 1129 590 Taphium
1157 510 1208 571 hic
1239 512 1393 574 insertum

211 635 279 676 esse
307 614 513 676 demonstrari
542 621 654 693 potest.
704 615 784 676 Nam
812 614 975 675 Ptereleus
1006 617 1054 675 est
1086 614 1169 675 filius
1191 615 1329 694 Neptuni
1358 623 1393 676 61

210 709 412 796 Η1666111666
434 717 517 797 apud
539 717 734 799 Herodorum
756 717 823 794 (sch
837 717 953 797 AplnI
976 719 1049 794 747)
1072 724 1103 778 et
1124 717 1207 778 idem
1228 718 1393 780 Pterelaus

211 820 316 900 isest,
349 827 571 896 contraquam
592 820 777 899 Amphitryo
800 819 1007 898 proficiscitur
1028 820 1159 896 (Theccr
1182 822 1231 900 24,
1252 823 1285 898 4)
1307 821 1394 900 apud
1509 881 1516 892 ,

212 922 297 1001 Apld
325 922 427 1002 ipsum
456 922 491 982 H
522 923 551 1002 4,
575 923 603 1002 7,
624 925 653 983 4.
706 923 795 984 Idem
825 923 978 1002 sequitur,
1012 942 1081 982 cum
1110 923 1313 983 Teloboarum
1340 944 1394 982 ox-

160 1077 166 1086 .
212 1025 401 1104 pediticnem
422 1026 458 1085 H
479 1026 550 1104 4,6
581 1026 755 1087 accuratius
778 1025 1081 1086 consideraverimus.
1125 1025 1206 1086 Nam
1226 1036 1395 1104 postquam

210 1128 347 1189 Pterelai
369 1127 427 1188 filii
448 1135 571 1208 6166161
592 1129 725 1190 Euerem
745 1127 849 1189 necati
873 1135 958 1207 sunt,
990 1127 1085 1188 ceteri
1106 1125 1247 1206 fugiunt:
1278 1125 1396 1188 161661

217 1232 340 1306 Ταφίων
362 1229 395 1290 ci
414 1225 609 1310 διαφυγόντες
631 1235 690 1292 κτλ.
746 1231 857 1309 116616
880 1238 1094 1310 exspectamus
1123 1230 1216 1291 etiam
1238 1230 1291 1290 illc
1313 1231 1394 1310 1666,

211 1333 267 1393 ubi
293 1332 347 1412 qui
375 1339 483 1394 661116
506 1333 724 1414 Electryonem
754 1332 888 1413 prefecti
917 1334 981 1394 sint
1010 1340 1237 1411 enumerantur,
1266 1340 1396 1412 6166161

211 1435 348 1498 Ρ1616161
370 1433 450 1495 filios
467 1434 604 1514 Taphios
618 1444 803 1498 memoratos
819 1455 895 1498 esse.
938 1437 1049 1514 Itaque
1064 1435 1174 1515 Heyne
1196 1456 1252 1514 pre
1274 1438 1394 1508 Ταφίου

213 1543 244 1619 (6
269 1541 318 1618 50,
343 1541 383 1599 10
404 1537 464 1613 Η1)
492 1539 613 1613 Ταφίων
635 1539 769 1618 scripsit.
821 1539 882 1600 Sed
906 1539 1007 1600 elucet
1028 1539 1185 1618 Heynium
1207 1538 1394 1617 Apollodori

212 1641 423 1704 confusionem
456 1640 639 1719 correxisse,
673 1663 744 1702 nam
774 1649 903 1722 propter
937 1641 1150 1720 genealogiam
1182 1642 1234 1702 ille
1274 1643 1394 1714 Ταφίου

211 1745 346 1826 scripsit,
369 1744 452 1821 quod
474 1764 493 1803 a
514 1743 634 1824 Tzetna,
664 1744 717 1822 qui
740 1743 780 1804 ad
801 1744 869 1824 Lyc
892 1745 1077 1805 6311666111
1100 1744 1257 1822 exscribit,
1281 1743 1393 1805 confir-

212 1855 322 1909 matur.
367 1844 554 1907 Confusicne
585 1854 688 1908 autem
718 1847 819 1908 omnia
850 1867 997 1926 perversa
1025 1853 1106 1908 sunt.
1157 1847 1236 1908 Nam
1258 1848 1394 1926 primum

213 1949 349 2012 Pterelai
378 1947 434 2008 filii
466 1955 573 2010 contra
602 1950 820 2028 Electryonem
850 1949 1049 2028 superstitem
1077 1949 1327 2028 proficiscuntur,
1357 1949 1395 2008 id

215 2062 264 2116 est
285 2058 413 2132 1666166
433 2050 546 2130 Taphii
568 2060 676 2113 6611116
698 2072 774 2132 eum,
797 2053 851 2130 qui
873 2052 985 2132 11661111
1007 2051 1058 2113 avi
1080 2050 1177 2112 frater
1199 2060 1255 2131 est,
1278 2051 1393 2113 deinde

215 2178 292 2219 avus
323 2155 445 2215 illorum
474 2153 542 2234 ipse
575 2153 780 2234 expeditionis
809 2155 965 2234 particeps
995 2162 1054 2233 est,
1088 2175 1156 2215 cum
1185 2164 1274 2234 66161
1306 2155 1392 2216 domi

215 2265 351 2338 maneat,
382 2264 413 2317 et
443 2256 631 2338 Licymnius,
661 2257 831 2319 secundum
862 2258 1075 2336 genealogiam
1104 2258 1213 2338 proavi
1242 2258 1392 2337 aequalis,

215 2360 258 2422 ἔτι
278 2357 346 2431 νέος
367 2366 424 2421 661.

299 2462 421 2524 Deinde
435 2462 631 2542 Electryonis
653 2462 710 2523 filii
723 2462 860 2524 Pterelai
881 2470 971 2524 natos
994 2459 1027 2523 ἐκ
1042 2457 1231 2542 προκλήσεως
1246 2457 1392 2540 ἀλλήλους

214 2562 399 2640 ἀπέκτειναν,
422 2587 481 2643 quo
499 2565 578 2626 nihil
600 2565 685 2626 aliud
703 2564 911 2644 significatum
932 2572 1008 2644 puto
1030 2565 1092 2626 nisi
1114 2565 1252 2644 singulos
1268 2567 1393 2626 illerum

214 2691 233 2730 6
255 2667 386 2747 singulis
416 2667 523 2728 horum
554 2666 693 2728 interfici
748 2667 847 2746 Atqui
878 2675 970 2728 61166
998 2667 1147 2729 habemus
1178 2688 1233 2729 sex
1254 2669 1394 2728 Pterelai

214 2771 303 2851 filios,
327 2790 437 2832 novem
459 2769 663 2849 Electrycnis.
716 2770 875 2832 Habemus
898 2770 995 2848 igitur
1015 2769 1128 2831 iterum
1151 2770 1394 2849 discrepantiam

214 2875 297 2934 inter
317 2873 530 2952 genealogiam
552 2880 584 2934 61
605 2893 750 2953 pugnam,
778 2873 835 2934 sed
856 2874 936 2934 hanc
958 2879 1104 2953 apertam,
1130 2874 1216 2934 illam
1238 2873 1392 2952 congluti-

214 2983 328 3038 natam.

300 3079 380 3140 Tum
401 3098 440 3139 ne
463 3077 624 3158 6661161116
647 3078 778 3158 quidem,
808 3076 929 3140 scilicet
957 3077 1073 3139 bellum
1101 3079 1142 3140 ab
1164 3079 1393 3159 Amphitryone

216 3189 324 3244 contra
338 3181 488 3242 Teleboas
510 3188 640 3260 gestum,
663 3200 733 3241 cum
754 3180 937 3260 genealogia
959 3180 1134 3242 concinunt.
1177 3181 1257 3242 Nam
1278 3189 1313 3242 ut
1327 3182 1393 3243 Rc·

216 3287 286 3347 bert
308 3287 354 3362 (de
374 3286 457 3363 Aper
477 3285 646 3362 1111633)
668 3290 754 3344 recto
776 3283 1003 3364 animadvertit,
1025 3283 1187 3346 Perimede
1208 3304 1295 3345 soror
1316 3283 1392 3345 Am-

216 3385 391 3468 phitryonis
419 3385 455 3446 H
476 3386 505 3466 4,
528 3386 557 3466 6,
582 3387 600 3446 6
630 3381 767 3464 affertur,
797 3406 876 3464 quae
897 3386 932 3447 H
953 3388 982 3467 4,
1005 3389 1033 3467 5,
1056 3389 1075 3446 2
1107 3407 1168 3448 non
1196 3394 1393 3449 memoratur.

217 3491 279 3552 Sed
300 3489 394 3551 611611
415 3488 473 3551 hac
495 3487 528 3548 in
549 3508 583 3549 ra
605 3487 755 3549 habemus
779 3488 905 3568 aliquid,
931 3488 1014 3568 quod
1036 3489 1211 3568 coniungat.
1254 3490 1335 3551 Nam
1355 3498 1393 3551 111

216 3593 284 3656 Wil
305 3611 354 3652 mo
367 3591 494 3670 monuit,
515 3590 645 3653 Heluius
666 3590 720 3651 ille
734 3591 835 3652 locum
849 3612 911 3652 161
932 3593 1027 3654 habet
1048 3592 1110 3654 nisi
1131 3592 1163 3652 in
1186 3592 1392 3672 expeditione,

217 3695 337 3758 scilicet
358 3693 386 3755 is
408 3700 464 3774 661,
494 3714 520 3754 a*
534 3714 594 3772 quc
616 3695 691 3755 urbs
712 3712 823 3754 nomen
844 3694 954 3772 habet;
985 3695 1042 3757 sed
1063 3702 1167 3756 tamen
1188 3695 1391 3775 genealogiae

217 3799 279 3860 iam
299 3797 434 3858 insertus
457 3803 513 3857 661.
556 3796 637 3857 Nam
658 3796 685 3858 si
710 3795 761 3856 hic
784 3801 868 3858 recte
897 3803 1004 3877 616161,
1032 3805 1065 3859 61
1093 3797 1160 3877 1666
1190 3798 1280 3860 hores
1309 3807 1394 3860 66661

217 3900 326 3963 Ρ61661
351 3906 383 3961 61
411 3905 534 3978 6166161
555 3898 735 3964 Sthenelum
763 3898 794 3958 in
824 3899 1009 3978 patrimonio
1038 3900 1234 3980 suscipiende
1264 3901 1393 3981 respici-

218 4004 316 4066 endus
338 4008 430 4081 esset,
452 4000 535 4079 quod
556 4000 591 4062 H
612 4002 641 4080 4,
664 4002 692 4081 6,
715 4002 734 4061 6
757 3999 874 4063 factum
895 4022 957 4063 non
979 4022 1047 4065 esse
1069 4003 1217 4065 videmus.

286 4277 313 4342 1)
332 4273 497 4344 Quamquam
514 4287 548 4326 16
564 4271 681 4342 Iphiclus
698 4272 806 4344 quidem
824 4276 871 4329 ant
887 4273 1090 4346 Periclymenus,
1107 4275 1202 4344 quibus
1220 4276 1291 4333 dena
1308 4293 1325 4332 a
1342 4275 1394 4334 deo

219 4361 322 4428 dantur,
345 4358 394 4414 filii
411 4359 474 4413 sunt
490 4355 615 4427 Neptuni
650 4357 679 4414 cf
694 4375 724 4413 ex
742 4375 774 4428 gr
790 4360 846 4416 Η66
867 4359 891 4414 fr
910 4359 958 4414 143
978 4360 1024 4428 Ra,
1047 4360 1250 4432 1611111166
1275 4362 1397 4420 66116611

217 4445 286 4503 Pind
304 4441 596 4510 0164616166.

315 4690 1125 5042 ΛΔ]
