3062 5070
579 339 791 400 „43-

92 509 229 570 Hercule
258 509 383 587 sagittis
402 509 568 590 petitur1).
613 510 666 572 801
688 518 791 572 sutem
813 531 918 572 areum
940 510 1053 589 deponi
1074 511 1161 572 iubet
1183 517 1277 588 atque

92 613 245 673 Hercules
272 613 365 674 deum
389 613 508 675 veritus
530 614 788 694 obtemperat-
810 636 882 675 nam
903 615 999 676 verba
1020 614 1137 676 tradita
1158 621 1278 676 mutare

92 738 174 778 nuuc
210 737 273 778 non
310 716 450 795 cogimur
485 751 537 782 —.
596 718 650 778 801
686 719 775 796 qnasi
808 719 1072 798 obtemperentiae
1107 717 1277 797 praemium

91 821 238 898 poculum
270 819 298 879 ei
321 819 392 899 dat,
424 819 481 881 sed
510 819 653 882 Oceanus
680 821 793 882 iterum
821 821 989 883 Herculem
1018 841 1057 882 ne
1089 821 1172 900 quod
1204 821 1282 882 velit

21 953 22 1004 0
92 929 279 1001 assequatur
298 923 463 1002 prohibere
484 923 600 985 studet.

179 1026 214 1086 81
237 1033 323 1086 recte
346 1026 385 1086 de
407 1026 466 1087 hoc
488 1024 662 1105 fragmento
691 1026 810 1105 indico,
839 1027 923 1106 opud
947 1028 1029 1089 Pher
1055 1025 1152 1087 nihilo
1179 1027 1279 1104 magis

21 1163 22 1186 t
95 1129 147 1189 801
177 1128 218 1190 01)
240 1127 377 1189 Hercule
407 1128 526 1208 petitur
556 1149 649 1206 quam
678 1129 762 1208 apud
783 1129 969 1191 Pisandrum
1000 1127 1041 1206 (fr
1071 1129 1178 1206 5Κ1).
1205 1128 1279 1214 ΙΑ1)

93 1231 284 1311 Apollodoro
307 1238 429 1292 tentum
452 1239 483 1292 et
505 1231 699 1309 Panyssside
720 1265 762 1278 -
788 1231 816 1292 si
838 1232 963 1310 quidem
991 1239 1076 1293 recte
1105 1232 1180 1292 illuc
1209 1232 1276 1293 illa-

94 1341 158 1393 tum
183 1340 246 1394 est:
274 1331 312 1393 cf.
335 1353 430 1411 supra
450 1354 480 1412 p.
503 1335 545 1394 30
568 1353 605 1410 sq
627 1369 669 1380 -
691 1335 768 1395 haec
790 1354 841 1395 res
864 1332 1049 1412 traditur¹).
1092 1334 1141 1395 De
1163 1335 1221 1395 hoc
1244 1354 1279 1395 eo

94 1437 196 1496 minus
218 1435 373 1513 miramur,
396 1455 466 1496 cum
488 1442 524 1496 ut
545 1455 616 1496 mox
635 1436 898 1498 demonstrabitur
920 1437 1014 1499 etism
1038 1445 1143 1498 cetera
1164 1437 1197 1497 in
1219 1437 1278 1498 hac

94 1537 200 1598 fabula
223 1537 264 1598 ab
286 1536 477 1617 Apollodoro
499 1545 625 1598 narrata
655 1538 780 1600 aliunde
802 1540 855 1602 vix
884 1547 958 1601 nota
987 1540 1058 1601 sint.
1108 1541 1280 1600 Praeterea

96 1662 188 1701 causa
215 1639 372 1702 iaculandi
402 1640 441 1701 ab
470 1660 506 1702 eo
537 1641 632 1701 sllats
659 1677 702 1688 -
731 1636 968 1720 θερμαινόμενος
990 1635 1050 1702 siud
1079 1634 1179 1702 Ἡλίου
1202 1638 1278 1701 sord

95 1737 147 1819 τὴν
170 1742 325 1821 στρατείαν
346 1777 389 1788 -
410 1749 475 1804 tem
496 1743 609 1804 debilis
632 1751 688 1822 est,
713 1753 779 1805 tam
800 1765 834 1806 se
855 1745 924 1825 ipsa
947 1744 1089 1824 offerens,
1113 1753 1149 1806 ut
1171 1746 1278 1824 potius

96 1867 132 1906 ex
153 1845 277 1906 ratione
299 1865 392 1923 qnam
414 1866 453 1906 ex
474 1853 599 1907 vetusta
612 1845 727 1907 'fabula
749 1847 933 1926 deprompta
955 1869 1023 1909 esse
1045 1848 1198 1910 videatur.

178 1947 240 2009 His
271 1946 433 2026 perpensis
461 1947 614 2026 Wagneri
643 1950 811 2029 sententio,
845 1950 1058 2029 Pherecydem
1086 1957 1118 2011 et
1149 1951 1276 2029 Apollo-

95 2051 202 2112 dorum
218 2035 258 2112 de
273 2051 332 2112 hac
346 2071 381 2112 re
397 2049 583 2129 conspirare,
604 2035 665 2111 iam
681 2052 797 2114 reiecta
812 2073 881 2114 esse
896 2053 1028 2114 videtur.
1069 2052 1130 2114 Sed
1144 2051 1278 2114 fortasse

96 2154 217 2214 omnino
248 2153 288 2214 de
318 2151 404 2214 fonte
426 2145 610 2232 Apollodori
631 2152 785 2233 Geryonis
816 2154 954 2216 fabulam
983 2157 1139 2217 nauautis
1168 2155 1277 2234 despe-

96 2255 227 2316 randum
249 2263 306 2318 est.
349 2256 429 2316 Nam
451 2263 487 2316 ut
509 2256 620 2336 Heyue
640 2257 703 2316 iam
723 2264 809 2319 recte
830 2257 919 2336 vidit,
946 2257 1067 2319 duobus
1089 2265 1173 2320 certe
1194 2258 1271 2319 locis

98 2358 223 2436 agnosci
244 2365 357 2438 potest,
379 2378 429 2418 res
444 2366 499 2420 eut
514 2357 658 2420 confusas
681 2379 749 2420 esse
770 2367 825 2421 aut
846 2361 992 2422 lacunose
1008 2360 1149 2422 traditos.
1191 2361 1272 2422 Nam

95 2461 226 2538 primum
248 2460 330 2521 inter
351 2461 580 2540 paragraphum
604 2464 644 2522 10
666 2468 698 2522 et
722 2464 759 2521 11
783 2463 895 2523 100000
923 2462 1037 2540 101011).
1087 2463 1209 2524 Deinde
1238 2462 1271 2523 in

96 2565 114 2642 ξ
136 2565 155 2624 9
184 2563 245 2624 iter
267 2563 320 2624 vix
348 2571 454 2642 potest
482 2563 629 2642 expediri.
679 2565 760 2625 Nam
788 2565 816 2626 si
837 2565 933 2626 verba
962 2565 1079 2626 tradita
1106 2566 1270 2644 sequimur,

93 2675 200 2726 taurus
216 2665 270 2726 ille
284 2665 405 2744 Rhegio
421 2666 455 2726 in
470 2665 607 2727 Siciliam
621 2667 715 2746 venit,
737 2674 804 2728 tum
822 2667 946 2728 Italiam
960 2677 1115 2748 peragret,
1138 2668 1270 2745 denique

95 2768 126 2828 in
147 2768 264 2828 Sicilie
277 2776 334 2828 est.
384 2768 496 2847 Itaque
519 2769 670 2848 Heyue⁴)
701 2789 831 2847 eumque
860 2777 986 2832 secutus
1008 2770 1149 2832 Heroher
1177 2771 1274 2831 verbe

97 2869 146 2930 sol
169 2870 223 2946 τήν
244 2871 368 2946 πλησίον
390 2868 489 2949 χώραν
510 2873 569 2930 κτλ.
592 2872 753 2949 expulere3
781 2872 836 2932 sed
859 2873 928 2949 quis
950 2873 1034 2951 telis,
1056 2873 1177 2935 scilicet
1197 2873 1272 2933 Hel-

96 2973 188 3034 lsnici
208 2973 389 3052 Timaeique
411 2973 602 3053 sapientiam,
624 2973 815 3052 interpolat?
858 2976 903 3036 At
924 2995 974 3037 res
996 2975 1207 3037 verisimiliter
1228 2974 1273 3035 ita

94 3074 298 3152 intelligenda
329 3084 390 3152 est,
424 3076 659 3156 epitomatorem
690 3076 774 3138 inter
807 3085 855 3139 tot
888 3076 1010 3138 fabulae
1042 3078 1187 3140 Herculis
1220 3097 1272 3137 ex·

164 3243 191 3313 1)
210 3242 302 3298 Simile
326 3243 360 3300 de
383 3244 472 3300 Nereo
496 3243 662 3300 Stesichorus
686 3244 840 3301 tradideret
876 3245 904 3300 01
922 3244 976 3301 wil
1000 3249 1053 3296 Her
1075 3245 1089 3300 Ι
1112 3245 1163 3300 172
1188 3262 1207 3300 0
1234 3244 1273 3299 18.

95 3327 147 3384 Sed
163 3328 215 3384 hoc
231 3328 345 3385 fortme
362 3346 393 3386 er
405 3329 581 3401 Hesperidum
594 3330 686 3386 lahela
696 3331 857 3386 merelatum
868 3334 918 3396 eet,
934 3331 963 3387 id
974 3330 1046 3401 qued
1057 3330 1162 3401 eeepius
1173 3330 1273 3386 laetum

94 3431 151 3470 esee
168 3413 311 3470 verisimile
329 3417 378 3471 eet.

160 3501 187 3569 1)
209 3499 348 3569 Refregari
372 3500 478 3557 ridetur
501 3501 624 3571 lecythus
645 3505 688 3574 (ap
711 3501 886 3573 Stachelherg
907 3506 971 3565 ord
992 3505 1050 3552 Heli
1073 3504 1087 3556 t
1105 3502 1137 3557 15
1155 3525 1189 3546 =
1208 3500 1273 3581 Ger·

93 3586 160 3641 hard
181 3603 222 3648 ee·
246 3588 294 3636 obt
318 3588 331 3640 t
348 3586 371 3652 5,
388 3585 422 3655 5),
443 3585 489 3641 uhi
507 3586 632 3642 Steehelb
658 3586 731 3642 Gerh
755 3586 1115 3658 (1010010000000100
1139 3586 1178 3656 (in
1201 3587 1272 3642 Rsch

94 3675 131 3722 lex
146 3675 213 3734 myst
230 3670 308 3734 2204)
326 3670 416 3726 Solem
427 3674 456 3726 et
467 3671 608 3728 Herculem
625 3671 815 3742 intelligendos
834 3690 893 3729 0000
907 3676 1011 3744 001001
1045 3672 1178 3728 ildericum
1191 3689 1273 3742 quen·

22 3779 23 3826 ῖ
95 3757 154 3812 (lam
178 3757 258 3812 (lcum
281 3758 419 3822 cognoscit
442 3756 556 3812 Mueller
579 3760 638 3825 (0011
663 3762 702 3822 pel
722 3777 770 3808 aere
794 3757 880 3828 1837).
920 3759 1037 3814 Primum
1060 3760 1273 3822 ι000110010000000

22 3839 23 3851 ’
93 3847 171 3906 odes·
188 3862 205 3892 ιι
221 3845 292 3893 talto
305 3842 454 3906 'separans'
476 3841 578 3909 (Stecld
599 3842 690 3899 videre
713 3860 767 3899 non
785 3859 902 3915 possum.
936 3843 1040 3901 Deinde
1065 3843 1094 3900 id
1117 3844 1189 3914 quod
1206 3844 1273 3899 Her·

95 3929 163 3984 cules
176 3927 285 3984 sinistra
301 3929 383 3994 tenet,
401 3944 492 3983 arcum
508 3944 567 3984 0000
584 3944 744 4000 cognoscere
761 3944 872 3999 nequeo,
893 3928 941 3985 sed
957 3929 1069 3999 loqueos
1085 3929 1190 3986 videtur
1207 3947 1274 3985 esse.

94 4013 187 4083 Itaque
205 4014 287 4068 etiam
305 4011 338 4067 de
356 4028 395 4078 00,
412 4012 485 4081 qnod
496 4013 545 4069 suh
558 4013 635 4080 Solis,
653 4014 700 4084 qui
717 4013 820 4080 dicitnr,
838 4015 926 4083 capite
942 4014 1016 4085 pieta
1030 4018 1079 4080 est,
1096 4013 1272 4070 dubitandum

95 4101 141 4164 001,
161 4098 303 4169 praecipue
320 4097 348 4152 iu
365 4097 415 4154 tali
438 4098 567 4169 pingendi
583 4097 670 4155 modo.
711 4099 837 4155 Fortasse
855 4098 888 4154 de
905 4099 994 4154 Nereo
1016 4099 1055 4169 (01
1068 4099 1169 4155 Pherec
1188 4099 1212 4154 fr
1228 4099 1272 4167 33)

95 4182 232 4238 vinciendo
252 4182 423 4252 cogitandum
448 4187 496 4239 eet
538 4184 567 4240 01
586 4184 659 4256 Verg
677 4182 718 4238 Ge
734 4184 773 4240 IV
790 4183 841 4241 439
859 4183 899 4244 Or
914 4183 971 4242 fast
988 4185 1002 4240 1
1019 4184 1077 4253 370,
1094 4184 1119 4239 4.
1140 4185 1197 4243 Hor
1214 4201 1228 4240 0
1245 4185 1274 4243 11

96 4267 348 4338 3,71ep11‚90.

160 4352 187 4422 3)
206 4352 234 4408 01
248 4353 342 4424 Heyue
360 4353 395 4410 01
412 4353 485 4425 Apld
500 4371 526 4428 p.
543 4353 602 4410 403.

159 4438 187 4506 4)
204 4453 222 4511 0
240 4437 292 4494 100
309 4453 348 4514 sq.
