3062 5070
589 317 803 378 ...47-

95 486 216 548 Deinde
232 489 368 566 Erycem
383 489 527 566 Elymum
550 509 655 567 regem
674 509 742 550 esse
765 489 803 550 ab
820 487 892 550 aliis
915 488 1093 550 auctoribus
1116 496 1200 548 certe
1221 508 1283 548 non

99 589 222 668 dicitur,
250 598 281 651 et
303 591 443 670 Neptuni
464 591 563 652 filium
586 611 656 652 eum
678 611 747 652 esse
769 591 852 671 apud
874 591 958 670 Apld
980 592 1080 652 solum
1102 591 1282 668 legimus¹).

97 691 241 774 Denique
264 693 357 753 etiam
380 693 411 753 in
434 694 573 754 minutiis
596 693 773 754 certaminis
804 713 854 754 res
883 694 1034 755 habemus
1063 694 1154 773 plane
1177 692 1282 770 singu·

98 794 187 872 lares,
211 795 333 856 scilicet
354 796 437 875 apud
452 796 627 857 Vulcanum
648 796 745 857 boves
759 795 917 874 depositas
941 816 1010 857 esse
1033 803 1064 856 et
1086 802 1136 855 ter
1150 795 1282 873 Erycem

98 903 288 974 superatum.
331 897 451 976 Itaque,
484 907 520 958 ut
543 898 667 977 saepius
689 898 750 957 iam
772 897 805 958 in
826 899 885 958 hac
907 897 1020 976 fabula,
1049 897 1096 958 ita
1116 897 1167 958 hic
1189 917 1281 975 pecu-

97 997 204 1057 liarem
220 999 375 1075 quandam
391 1001 528 1079 speciem
539 1000 762 1080 Apollodorum
778 1019 852 1078 prae
868 1020 901 1061 sc
916 999 998 1060 ferre
1013 999 1212 1060 statuendum
1228 1006 1283 1060 est.

183 1100 273 1160 Idem
296 1102 428 1180 denique
460 1103 624 1164 dicendum
654 1109 703 1163 est
732 1103 771 1162 de
792 1103 910 1163 Iunone
935 1103 1035 1163 bobus
1066 1101 1184 1162 rabiem
1213 1101 1282 1160 mit-

97 1208 183 1262 tente
206 1208 238 1262 et
261 1203 299 1263 de
320 1204 421 1264 bobus
444 1205 484 1266 ab
501 1205 678 1284 Eurystheo
693 1205 805 1265 Iunoni
823 1205 991 1267 immolatis
1013 1212 1045 1265 et
1067 1204 1106 1264 de
1122 1204 1284 1282 Strymone

96 1303 252 1381 lapidibus
275 1307 393 1385 repleto
405 1307 443 1385 ²).
933 1307 935 1310 ¹

188 1407 268 1467 'Iota
290 1409 387 1486 igitur
404 1408 512 1470 fabula
533 1429 694 1488 perpensa,
722 1410 760 1470 de
775 1409 959 1489 Apollodori
979 1409 1118 1470 fontibus
1141 1408 1284 1469 eruendis

102 1507 328 1587 desperandum
351 1531 419 1572 esse
440 1518 526 1591 puto.
570 1511 662 1572 Certe
687 1519 790 1572 autem
817 1513 984 1590 quidquam
1009 1512 1050 1572 ad
1071 1511 1283 1589 Pherecydem

98 1609 294 1674 referendum
323 1634 391 1674 esse
413 1614 530 1674 nullam
560 1634 685 1674 causam
721 1635 790 1676 esse
813 1613 1040 1676 demonstrasse
1070 1614 1146 1674 mihi
1167 1613 1284 1675 videor.

183 1955 334 2016 Venimus
357 1955 404 2016 ad
427 1955 860 2035 avesStymphalidas,
884 1956 922 2016 de
938 1956 1051 2033 quibus
1067 1956 1201 2035 Apldl]
1217 1961 1281 2036 5,6

101 2057 177 2118 haec
199 2066 320 2119 narrat:
350 2057 477 2119 Sextum
499 2058 629 2119 Herculi
660 2059 796 2120 laborem
821 2059 1016 2137 Eurystheus
1046 2059 1217 2140 imperavit,
1246 2069 1282 2121 ut

102 2159 172 2220 illas
195 2159 336 2239 fugaret:
360 2159 507 2232 ἐκδιῶξαι.
554 2161 640 2234 Quae
663 2160 747 2240 apud
761 2161 975 2241 Stymphalum
989 2161 1143 2223 Arcadiae
1165 2164 1281 2242 urbem,

101 2282 198 2341 prope
223 2264 324 2325 lacum
340 2264 501 2342 quendam,
524 2264 731 2324 versabantur
746 2271 777 2325 et
794 2264 935 2342 pisces³)
957 2263 1102 2325 timentes
1124 2265 1156 2324 in
1170 2265 1281 2326 silvam

102 2384 229 2443 opacam
260 2363 490 2444 confugiebant.
542 2365 646 2442 Atque
676 2365 805 2426 Herculi
833 2366 997 2445 ignoranti,
1027 2369 1178 2444 quomodo
1207 2368 1280 2429 inde

99 2465 168 2527 illas
200 2469 377 2547 expelleret,
407 2468 551 2529 Minerva
580 2466 770 2546 crepitacula
800 2489 895 2529 aenea
927 2469 1026 2547 dedit,
1058 2489 1135 2545 quae
1165 2469 1234 2549 ipsa
1262 2491 1281 2531 a

99 2568 240 2630 Vulcano
274 2570 387 2649 adepta
415 2573 543 2647 esset⁴).
595 2569 682 2631 Haec
711 2570 764 2630 ille
793 2570 825 2630 in
856 2579 959 2631 monte
990 2570 1035 2631 ibi
1063 2571 1123 2632 sito
1154 2573 1281 2651 pulsans

100 2691 173 2733 aves
195 2672 364 2751 perterruit
389 2671 440 2734 vel
464 2671 601 2750 fugavit:
636 2667 749 2750 ἐφόβει.
794 2673 872 2734 (lum
902 2673 1068 2751 strepitum
1096 2694 1158 2734 non
1188 2675 1282 2735 susti·

99 2781 208 2836 nentes
238 2774 366 2836 timidae
396 2776 580 2853 evolassent,
612 2775 651 2836 ab
681 2775 817 2836 Hercule
846 2775 972 2853 sagittis
1002 2775 1169 2836 transfixae
1200 2786 1281 2837 sunt.

183 2877 289 2954 Atque
305 2876 416 2938 ceteris
439 2877 626 2956 auctoribus,
649 2877 703 2954 qui
725 2878 806 2938 hanc
820 2876 958 2938 fabulam
977 2885 1188 2954 narraverunt,
1210 2899 1280 2957 per-

100 2979 224 3056 quisitis
246 2979 379 3058 primum
394 2981 538 3040 Mnaseas
560 2977 601 3056 (fr
616 2981 637 3040 8
658 2979 693 3038 M
715 2979 779 3056 (HI
796 2981 868 3057 151)
891 3007 933 3030 =
954 2980 1011 3040 sch
1026 2980 1109 3058 Apln
1128 2981 1162 3040 H
1186 2984 1280 3056 1052)

99 3083 192 3142 verbo
222 3081 405 3143 abiciendus
436 3089 492 3160 est,
522 3082 606 3159 quod
627 3082 794 3142 Euhemeri
821 3101 937 3142 morem
966 3089 1092 3143 secutus
1115 3083 1280 3162 Stympha-

98 3183 177 3244 lides
199 3182 331 3244 feminas
353 3182 452 3244 fuisse
476 3183 563 3262 dixit,
587 3204 716 3261 quarum
737 3191 828 3262 pater
842 3182 1051 3263 Stymphalus,
1073 3192 1173 3245 mater
1188 3185 1280 3246 Ornis

99 3283 259 3364 fuissem).

184 3388 425 3450 Vetustissimos
447 3396 552 3451 autem
574 3389 699 3451 fabulae
724 3389 816 3451 testis
842 3396 890 3450 est
911 3389 1063 3450 Pisander
1085 3389 1280 3450 (laminensis.

101 3489 159 3562 Qui
181 3489 223 3568 (fr
244 3493 266 3551 4
287 3491 332 3551 Ki
352 3519 396 3544 =
416 3493 500 3553 Paus
526 3492 606 3554 VIII
628 3494 678 3571 22,
700 3493 732 3570 4)
756 3499 791 3552 ut
813 3492 898 3570 Apld
919 3499 1107 3571 narraverat,
1139 3493 1178 3551 ab
1200 3492 1279 3551 Her-

100 3627 304 3638 ——1-——

169 3725 196 3794 1)
214 3727 376 3799 Discrepant
399 3729 471 3786 Diod
488 3729 526 3784 IV
551 3729 592 3796 83,
616 3730 630 3784 1
649 3728 687 3784 St
706 3729 729 3784 B
753 3746 766 3784 1
783 3745 800 3783 v
819 3723 882 3795 Ἐρ.
905 3761 938 3770 -
965 3729 1018 3786 Sed
1035 3730 1086 3786 hoe
1111 3729 1217 3801 quidem
1238 3746 1280 3785 ae·

101 3811 214 3868 cundum
231 3816 275 3868 tot
292 3814 359 3869 alios
377 3814 498 3885 Neptuni
514 3814 584 3870 filios
602 3813 636 3870 ab
654 3814 768 3870 Hercule
787 3814 888 3870 occisos
905 3815 971 3885 fingi
987 3817 1082 3886 potuit

167 3897 194 3964 2)
218 3899 260 3953 De
284 3899 386 3955 Oronte
410 3900 481 3956 idem
508 3904 600 3956 111111
624 3900 703 3955 Treta
725 3901 755 3955 iu
781 3899 889 3956 confuso
914 3901 1006 3972 itaque
1030 3902 1115 3957 miuus
1140 3901 1280 3972 peroptans

100 3983 200 4039 scholio
217 3983 253 4040 sd
270 3984 325 4055 hye
341 3984 399 4051 691,
421 3987 492 4057 quod
509 3986 580 4043 unde
598 3988 733 4056 sumptum
749 3986 787 4041 sit
803 3984 914 4041 dubium
931 3991 981 4041 111.

165 4069 193 4139 3)
210 4068 255 4125 Ita
273 4073 345 4126 recta
363 4070 482 4126 Harcher
500 4071 663 4127 intellexisse
680 4071 791 4126 videtur.

165 4155 227 4223 4)i.
246 4154 494 4223 1,η“φαιστο’τευκτα
519 4156 557 4225 (cf
571 4155 788 4212 Probet-Robert
810 4175 840 4220 cr
856 4175 880 4206 m
904 4155 919 4210 Ι
945 4157 995 4212 182
1012 4157 1062 4227 sq),
1085 4159 1117 4212 nt
1140 4155 1187 4210 ach
1210 4154 1280 4226 Apln

98 4239 124 4294 II
143 4241 210 4297 1056
227 4257 321 4296 revera
338 4242 516 4297 nominantur.

164 4327 192 4395 5)
208 4326 244 4380 Id
260 4328 366 4380 tantum
384 4326 648 4383 animadvertendum
666 4330 715 4393 ast,
734 4327 806 4397 apud
823 4344 884 4383 eum
902 4331 1045 4393 auctorem,
1070 4328 1144 4384 euius
1161 4324 1280 4383 fabulam

98 4428 144 4467 sno
162 4411 243 4468 morlo
260 4411 454 4483 interpretatus
472 4415 522 4482 est,
539 4429 601 4468 aves
618 4415 727 4468 necatas
744 4412 834 4468 fuisse.
