3062 5070
695 317 904 378 ..58-

215 484 296 547 enim
328 486 425 548 multo
459 487 565 566 plures
595 485 740 550 Herculis
774 486 896 550 fabulas
928 486 1068 566 exhibet,
1100 507 1192 565 quam
1225 485 1398 548 secuudum

213 587 299 668 Apld
331 596 363 650 et
392 590 474 650 Diod
511 596 542 650 et
574 589 652 650 elios
681 597 824 652 auctores
852 589 885 650 in
913 589 1084 651 euchiridio
1114 589 1211 650 fuisse
1241 589 1398 666 videntur,

217 691 292 770 quin
322 691 415 754 etiam
446 712 551 754 omnes
581 691 660 771 fere,
692 713 770 770 quas
801 692 1016 770 undecumque
1046 691 1187 754 novimus
1218 693 1271 754 vel
1302 693 1400 754 etiam

214 795 328 873 plures.
380 794 443 856 Sed
472 793 556 856 dicat
578 795 648 873 quis
669 795 893 875 Apollodorum
914 795 993 856 illud
1019 816 1058 856 ex
1078 795 1261 875 Pherecyde
1290 794 1332 872 (fr
1354 797 1398 856 35

216 925 260 950 ==
282 897 338 958 sch
362 894 389 963 Ξ
408 898 482 974 255)
504 896 685 977 inseruisse,
712 897 759 958 ita
787 897 852 959 fere
877 906 913 960 ut
941 898 974 958 in
995 898 1126 960 Acheloi
1147 898 1256 960 fabula
1277 897 1399 960 factum

214 1000 348 1062 vidimus
370 1022 399 1079 p.
417 1002 459 1060 34
473 1021 518 1078 sq.
561 1001 607 1061 Ut
628 999 726 1078 igitur
744 999 956 1079 diiudicemus,
980 1022 1058 1079 quae
1072 1000 1152 1062 ratio
1175 1001 1257 1061 inter
1276 1010 1398 1062 utrum·

217 1124 276 1181 que
299 1102 480 1182 intercedat,
503 1102 655 1182 quomodo
677 1101 784 1164 fabula
806 1110 874 1164 orta
897 1111 929 1165 et
944 1103 1089 1183 deinceps
1104 1102 1236 1164 formata
1257 1103 1301 1165 sit
1323 1124 1398 1164 eno·
1454 1117 1456 1126 ’

215 1206 289 1266 dare
311 1225 463 1266 conemur.
513 1206 618 1284 Atque
639 1206 788 1268 habemus
814 1207 839 1265 Ο
864 1208 903 1266 18
924 1205 1077 1285 fabulam,
1105 1207 1257 1267 Iunonem
1278 1228 1298 1267 a
1318 1207 1398 1269 Iove

216 1308 415 1387 compedibus
437 1307 576 1370 vinctam
597 1329 615 1368 a
637 1309 722 1370 caelo
745 1327 927 1388 suspensam
956 1328 1033 1371 esse.
1085 1307 1203 1382 Quodsi
1225 1309 1302 1369 haec
1333 1329 1397 1370 non

216 1418 344 1472 naturae
359 1411 453 1473 rebus
469 1411 654 1474 declaranda
669 1419 717 1473 est
729 1415 764 1491 ¹),
787 1419 871 1472 certe
886 1432 947 1473 non
962 1433 1039 1490 opus
1062 1419 1111 1472 est
1126 1411 1336 1473 declaratione
1358 1432 1397 1472 ex

217 1512 348 1574 historia
363 1512 497 1574 fabulari
511 1515 618 1594 petita.
661 1515 704 1575 Et
718 1534 752 1576 re
766 1534 842 1576 vera
856 1515 929 1576 talis
944 1535 1005 1576 non
1020 1522 1068 1576 est
1083 1513 1177 1576 affixa
1199 1517 1229 1574 A
1249 1516 1312 1574 586
1327 1535 1397 1592 sqq.

216 1615 278 1677 Sed
300 1622 349 1677 cst
370 1615 415 1677 ita
438 1616 602 1679 coniuncta
623 1617 684 1678 iam
706 1617 788 1696 apud
811 1617 979 1678 Homerum
1000 1619 1036 1695 (0
1060 1621 1100 1678 18
1122 1625 1154 1679 et
1177 1614 1302 1695 3249),
1325 1637 1397 1678 cum

217 1719 352 1780 Hercule
375 1719 496 1781 scilicet
518 1719 558 1781 ad
577 1720 643 1782 Oen
665 1721 801 1800 appulso.
845 1721 936 1781 Hanc
958 1741 1083 1782 causam
1104 1719 1170 1781 litis
1192 1720 1274 1781 inter
1287 1719 1398 1781 Iovem

216 1829 248 1883 et
270 1822 420 1884 Iunonem
442 1829 528 1884 ortae
550 1822 649 1885 serius
673 1822 795 1885 demum
817 1822 995 1885 adiunctam
1024 1843 1092 1885 esse
1122 1844 1179 1904 per
1200 1842 1234 1885 sc
1255 1824 1396 1900 patet’).

216 1926 295 1987 Nam
317 1946 379 1986 non
400 1945 527 1988 necesse
549 1933 606 2006 est,
637 1933 753 1988 certam
775 1926 929 2005 quandam
950 1926 1095 1988 Herculis
1125 1924 1287 1987 historiam
1310 1933 1396 1987 certo

215 2029 284 2088 loco
306 2028 422 2090 factam
443 2036 600 2107 tamquam
622 2049 746 2090 causam
768 2028 896 2090 narrari.
945 2029 988 2090 Et
1009 2028 1149 2108 profecto
1171 2029 1231 2090 hoc
1251 2026 1397 2089 videmus

216 2131 273 2191 sch
295 2130 321 2191 Τ
344 2130 384 2191 ad
410 2133 498 2193 027
522 2143 553 2193 et
583 2153 622 2212 ap
645 2133 735 2194 Strab
758 2132 822 2194 VH
844 2135 908 2193 330
929 2131 959 2192 fr
981 2134 1022 2192 25
1050 2130 1268 2210 (Apollodorus
1276 2131 1310 2208 l),
1340 2129 1398 2191 ubi

218 2254 280 2294 nou
309 2241 395 2295 certa
423 2234 477 2294 illa
507 2234 573 2296 Oea
599 2235 731 2297 historic
759 2235 902 2314 traditur,
935 2235 991 2296 sed
1018 2234 1186 2296 Herculem
1216 2233 1283 2295 sive
1314 2233 1395 2293 mari
1466 2227 1473 2238 '
1522 2267 1523 2272 κ

218 2335 343 2415 Aegaeo
368 2336 435 2399 sive
456 2337 580 2416 Myrtoo
602 2347 750 2417 vagatum
772 2359 841 2401 esse
865 2346 1017 2400 narratur.
1068 2336 1132 2398 Oea
1160 2336 1256 2414 igitur
1285 2335 1396 2398 fabula

219 2460 238 2499 a
259 2438 387 2500 Iunonis
408 2461 508 2519 poena
529 2441 723 2520 segreganda
745 2450 801 2504 est.
845 2441 935 2515 Quod
957 2461 1027 2503 cum
1048 2439 1220 2518 fecerimus,
1241 2440 1395 2501 habemus

218 2541 362 2622 fabulam,
385 2562 464 2621 quae
485 2563 541 2623 per
562 2565 596 2605 se
617 2544 819 2623 intelligenda
841 2553 897 2607 est.
940 2543 1044 2622 Atque
1062 2542 1212 2621 videmus,
1234 2549 1270 2603 ut
1291 2563 1394 2622 saepo,

219 2644 367 2706 Iunonem
388 2646 556 2707 Herculem
577 2654 734 2725 tamquam
756 2647 933 2727 privignum
954 2647 1043 2708 melis
1068 2651 1312 2725 persequentem,
1342 2645 1393 2706 Io·

183 2806 186 2812 .
215 2768 284 2809 vem
300 2754 402 2810 autem
417 2757 600 2811 servantem.
636 2749 724 2812 Haec
739 2758 787 2812 est
802 2750 925 2812 fabulae
945 2749 1044 2811 forma
1061 2770 1100 2828 ap
1123 2748 1248 2809 HomO
1270 2751 1311 2809 26
1327 2768 1396 2826 sqq.

347 2846 399 2911 τόν
421 2847 458 2912 cri
479 2847 533 2926 ξόν
556 2849 653 2937 Βορέῃ
676 2849 777 2936 ἀνέμῳ
800 2854 973 2913 πεπιθοῦσα
995 2849 1122 2921 θυέλλας

344 2952 466 3032 πέμψας
489 2954 536 3016 ἐπ’
557 2949 717 3036 α’τρόγετον
740 2950 858 3031 πόντον,
882 2949 960 3016 κακοὶ
983 2954 1146 3033 μητιόωσα,

346 3057 396 3116 καί
418 3079 468 3135 μιν
490 3056 588 3119 ἔπειτα
617 3046 784 3119 Κόων6’·εὖ
806 3055 965 3135 ναιομένην
988 3051 1154 3126 ἀπένεικας.

346 3153 398 3220 τόν
419 3157 473 3236 μὲν
495 3155 571 3242 ἒγοόν
593 3159 683 3223 ἔνθεν
705 3155 841 3239 ῥυσάμην
864 3158 916 3221 καὶ
938 3154 1089 3238 ἀνήγαγον
1111 3145 1196 3228 αὖτις

337 3259 449 3342 ’Ἄργος
472 3261 502 3334 ἐς
524 3259 691 3343 ἱππόβοτον
713 3260 763 3323 καὶ
786 3256 879 3323 πολλοί
900 3282 955 3341 περ
978 3256 1160 3340 ἀθλήσαντα.

218 3365 308 3426 Hanc
323 3364 459 3427 fabulam
476 3388 537 3428 uon
552 3372 708 3429 vetustam
724 3386 800 3438 esse,
823 3364 916 3426 etiam
939 3384 1028 3426 exeo
1051 3364 1199 3442 sequitur,
1222 3362 1304 3442 quod
1325 3383 1397 3424 cum

218 3467 363 3530 Herculis
380 3469 576 3548 expeditione
593 3469 742 3531 adversus
756 3468 881 3529 Troiam
900 3474 1046 3546 suscepta
1067 3473 1099 3526 et
1121 3487 1190 3528 cum
1204 3486 1311 3544 pugna
1326 3487 1397 3528 cum

219 3571 377 3650 Alcyoneo
393 3573 555 3636 commissa
577 3573 789 3651 coniungitur:
813 3569 841 3637 Ξ
859 3572 919 3631 251
944 3570 1026 3632 Pind
1040 3570 1070 3631 N
1084 3571 1113 3648 4,
1127 3571 1184 3645 40;
1205 3568 1228 3628 J
1242 3570 1264 3628 4
1279 3569 1322 3645 (5)
1345 3571 1397 3648 46,

219 3694 295 3752 quas
316 3674 439 3736 fabulas
462 3684 494 3738 et
515 3677 600 3756 ipsas
622 3676 722 3738 serius
744 3673 936 3752 excogitatas
959 3694 1027 3736 esse
1048 3672 1169 3733 Robert
1191 3671 1312 3731 docuit:
1336 3671 1400 3730 hild

219 3780 278 3837 uod
299 3780 358 3837 lied
381 3780 449 3857 188,
472 3783 590 3840 Hermes
611 3779 694 3840 XIX
715 3780 780 3839 484
802 3798 847 3857 sq.

304 3881 383 3942 Tum
405 3890 508 3943 autem
529 3883 606 3944 haec
628 3881 736 3944 fabula
757 3887 907 3960 usurpata
929 3887 978 3941 est
1000 3878 1040 3940 ad
1067 3877 1206 3956 gentium
1229 3876 1285 3938 Ooi
1306 3876 1395 3937 habi·

219 3983 351 4044 tantium
374 3983 523 4062 originem
539 3984 756 4046 illustrandam
766 3987 803 4062 ⁸).
840 3983 917 4045 (lum
932 3981 1013 4042 enim
1026 4001 1088 4042 non
1103 3982 1203 4043 solum
1217 3979 1395 4060 Dorienses,

305 4169 331 4237 1)
349 4167 378 4224 ci
385 4169 439 4224 sch
455 4169 480 4225 A
497 4169 547 4225 590
564 4169 780 4226 ΡτοΙΙοτ-Βο5οτ5
794 4168 809 4223 Ι
825 4185 843 4240 p
861 4166 920 4223 166.

303 4254 330 4324 2)
348 4254 424 4310 Idem
440 4254 561 4311 videmus
577 4255 606 4311 iu
623 4256 677 4312 alia
693 4254 798 4312 fabula:
817 4252 845 4309 cf
858 4249 1072 4308 Praller-Rohert
1086 4268 1104 4321 p
1123 4249 1173 4306 16¹7
1190 4267 1209 4306 n
1226 4250 1251 4306 2.

305 4340 332 4409 3)
350 4340 378 4396 ef
392 4340 446 4397 Wil
463 4342 580 4408 lapus&
598 4340 761 4407 H0r12793
786 4339 875 4394 Paion
886 4336 968 4392 Hiels
986 4341 1052 4387 imos
1068 4338 1101 4398 os
1114 4337 1160 4386 con
1171 4335 1235 4390 XIV
1248 4338 1277 4391 et
1288 4335 1399 4394 tlt-t

221 4456 251 4474 ›-
277 4425 315 4490 Ut
340 4425 409 4482 hauc
433 4426 552 4485 fabulam
577 4426 612 4484 ab
638 4424 813 4486 antecedente
836 4421 1029 4496 remeandum
1052 4435 1110 4476 esse
1134 4422 1163 4475 ot
1190 4421 1275 4478 serius
1301 4420 1401 4480 factam

566 4526 1344 5040 mni
1521 4995 1526 5005 1
