3062 5070
722 287 936 347 ...46-

241 478 315 519 vero
346 479 385 537 ap
407 458 488 519 Varr
519 457 615 518 drr
643 459 728 537 115,
751 461 770 518 3
797 458 914 520 diserte
944 457 1030 518 ‘aliis'
1062 458 1239 536 opponitur,
1271 457 1325 535 qui
1360 477 1436 517 cnm
1516 525 1517 550 ,

242 560 328 639 Apld
350 560 556 622 consentiunt.
610 561 672 620 Sed
701 561 830 621 eandem
852 561 1070 639 etymologiam
1094 561 1187 620 etiam
1211 561 1294 639 apud
1318 561 1437 620 Hella·
1516 559 1517 624 i

243 663 346 722 uicum
368 662 398 723 fr
423 665 463 723 97
487 662 521 722 M
551 663 709 724 habemus.
758 663 861 723 Etiam
891 662 942 723 hic
971 661 1089 740 tradit,
1110 670 1232 722 taurum
1264 685 1301 722 ex
1331 681 1438 740 grege
1516 691 1517 754 y

244 761 363 841 fugisse
386 773 418 826 et
441 765 482 826 ab
507 786 542 825 eo
565 772 677 825 terram
700 764 825 824 Italiam
854 763 904 826 vel
933 763 1038 842 potius
1059 763 1208 824 Vitaliam
1236 765 1438 824 nominatam
1516 769 1517 848 i

243 885 321 926 esse.
359 867 421 927 Sed
435 887 474 927 ne
488 867 540 928 hic
563 867 688 944 quidem
709 865 780 926 fons
803 887 871 927 esse
894 873 1005 944 potest,
1027 866 1078 927 vei
1096 866 1166 926 aliis
1182 866 1304 927 demum
1319 873 1436 926 aucto·
1516 869 1517 942 ,

243 969 331 1029 ribus
352 969 555 1047 interpositis.
599 969 679 1029 Nam
694 968 827 1047 primum
849 988 910 1028 non
933 967 1058 1028 Siciliae
1079 988 1161 1046 pars,
1183 983 1219 1028 ut
1242 968 1324 1046 apud
1343 966 1437 1046 Apld
1516 951 1517 1022 l

242 1091 324 1131 nunc
346 1071 478 1149 videtur,
509 1071 565 1132 sed
588 1078 656 1131 tota
677 1070 733 1130 illa
754 1091 835 1150 pars,
866 1090 958 1147 quam
980 1070 1037 1131 bos
1062 1071 1223 1148 percurrit,
1255 1070 1353 1131 Italia
1378 1089 1436 1130 vo-

245 1180 340 1251 catur,
373 1172 486 1233 deinde
511 1192 572 1234 non
595 1172 711 1251 Rhegii
741 1182 932 1251 segregatur.
983 1172 1027 1233 Et
1055 1172 1113 1233 hoc
1143 1171 1276 1233 fortasse
1306 1171 1340 1230 id
1376 1178 1437 1248 est,
1516 1169 1517 1212 l

243 1295 303 1351 quo
327 1274 466 1335 confusio
491 1275 574 1354 apud
596 1275 680 1354 Apld
703 1282 777 1335 nata
799 1283 856 1336 est.

328 1377 488 1438 Habemus
511 1377 592 1437 enim
615 1377 698 1456 apud
715 1378 836 1456 Hellas,
859 1378 970 1439 bovem
990 1376 1093 1454 aliquo
1116 1378 1184 1437 loco
1207 1415 1250 1425 -
1271 1375 1436 1454 fingamus

244 1479 399 1540 Lucaniae
423 1513 462 1526 -
487 1479 658 1541 decessisse
681 1487 783 1558 atque,
807 1501 876 1540 cum
897 1479 930 1539 in
945 1479 1051 1540 Sicilia
1072 1481 1111 1538 ab
1126 1479 1262 1540 Hercule
1283 1486 1437 1558 repertus
1516 1467 1517 1476 ¹

244 1588 334 1659 esset,
360 1591 476 1644 terram
497 1584 538 1644 ab
562 1603 598 1644 eo
621 1603 800 1661 percursam
823 1582 948 1643 Italiam
970 1581 1158 1642 nominatam
1180 1601 1257 1660 esse,
1286 1581 1320 1641 id
1344 1579 1436 1658 quod
1516 1649 1517 1664 ,

244 1683 367 1762 saepius
383 1685 519 1746 traditur
530 1689 565 1763 ¹).
602 1687 770 1745 Praeterea
785 1685 909 1763 saepius
924 1691 1083 1744 narratum
1098 1683 1247 1762 videmus,
1270 1683 1435 1761 Rhegium
1516 1757 1517 1762 η

243 1785 391 1864 oppidum
406 1808 425 1847 a
438 1789 544 1866 verbo,
566 1788 650 1865 quod
670 1795 718 1849 est
734 1781 871 1866 ρήγνυμι,
894 1805 1005 1846 nomen
1021 1786 1185 1865 accepisse,
1207 1786 1328 1846 scilicet
1346 1783 1437 1862 quod

243 1894 361 1948 terra
384 1889 456 1950 olim
479 1891 645 1952 cohaerens
667 1890 721 1950 illo
743 1890 810 1950 loco
829 1887 954 1967 dirupta
975 1888 1017 1948 sit
1030 1885 1067 1965 2).
1110 1888 1204 1966 Apud
1219 1888 1304 1966 Apld
1324 1894 1436 1946 autem

245 1990 283 2048 ob
314 2009 381 2050 eam
411 2012 534 2054 causam
566 1992 721 2071 Rhegium
750 1998 888 2068 vocatur,
919 1989 1001 2067 quod
1033 1984 1240 2070 ἀπορρήγνυσι
1270 1992 1437 2068 ταῦρος.
1516 2054 1517 2059 ¹

245 2091 325 2151 Nam
354 2093 413 2153 hoc
443 2094 648 2173 etymologiae
679 2112 771 2154 causa
804 2091 922 2153 dictum
952 2113 1027 2172 esse,
1056 2101 1092 2154 ut
1122 2093 1183 2152 iam
1204 2092 1316 2170 Heyne
1345 2090 1433 2154 vidit
1516 2108 1517 2162 j

246 2194 383 2272 (p400),
405 2197 557 2258 neminem
578 2203 654 2276 puto
676 2203 861 2273 negaturum
882 2215 959 2255 esse.
1001 2196 1053 2256 Ita
1073 2194 1191 2256 factum
1213 2201 1275 2272 est,
1305 2200 1433 2254 utnon
1516 2232 1517 2268 3

246 2294 456 2377 paeninsulae,
487 2319 566 2376 quae
587 2298 745 2360 Bruttium
769 2302 880 2376 postea
901 2297 1058 2358 nominata
1087 2305 1143 2377 est,
1171 2298 1283 2358 Italiae
1313 2314 1431 2355 nomen
1516 2336 1517 2374 ,

248 2397 321 2458 data
343 2400 393 2478 sit,
425 2400 480 2460 sed
503 2401 587 2479 parti
610 2401 743 2462 Siciliae.
797 2398 916 2470 Quodsi
941 2400 1123 2461 Hellanicus
1153 2399 1180 2460 is
1210 2405 1265 2476 est,
1296 2419 1335 2458 ex
1365 2416 1430 2475 quo

244 2500 376 2578 primum
399 2501 476 2563 haec
499 2502 607 2563 fabula
628 2502 725 2581 fluxit,
757 2485 841 2563 certe
863 2509 918 2562 aut
940 2502 1094 2581 quispiam
1115 2499 1346 2562 intercalandus
1370 2506 1430 2576 est,
1512 2517 1517 2548 τ

244 2602 297 2678 qui
319 2603 378 2664 hoc
400 2605 604 2682 veriloquium
627 2605 751 2665 aliunde
773 2624 834 2664 non
866 2611 974 2664 notum
1004 2605 1135 2683 protulit
1164 2604 1317 2680 simulque
1339 2609 1430 2663 certo
1513 2645 1517 2658 η,

244 2705 312 2764 loco
343 2710 396 2782 (sc.
418 2707 544 2786 Rhegii)
575 2707 685 2769 bovem
708 2726 834 2785 gregem
859 2706 1023 2783 reliquisse
1044 2707 1191 2784 narravit,
1222 2712 1276 2766 aut
1297 2705 1430 2783 Apollo·
1515 2751 1517 2784 ÷

245 2807 339 2867 dorus
361 2809 428 2887 ipse
450 2810 510 2870 hoo
532 2808 659 2870 finxisse
682 2808 848 2868 sumendus
872 2811 967 2886 esti).

330 2910 584 2990 Nequepugnae
606 2911 705 2990 ipsius
727 2910 844 2972 fontem
876 2912 1038 2973 enucleare
1067 2931 1202 2991 possum.
1252 2911 1333 2971 Nam
1362 2909 1429 2989 pri-
1513 2955 1517 2992 3

245 3030 328 3070 mum
349 3012 390 3089 id,
414 3033 468 3074 cur
484 3014 524 3074 ab
540 3013 611 3075 aliis
626 3013 681 3074 illa
699 3021 850 3092 narratur,
874 3014 958 3092 apud
978 3013 1063 3093 Apld
1085 3034 1147 3074 non
1169 3013 1293 3092 legitur.
1336 3013 1429 3073 Alias
1512 3061 1517 3096 ,3

246 3113 325 3173 enim
348 3114 508 3194 Hercules,
531 3117 559 3177 si
580 3116 683 3178 victus
705 3116 754 3195 sit,
784 3136 910 3194 gregem
932 3115 1111 3177 adversario
1133 3137 1167 3177 se
1190 3116 1333 3176 daturum
1356 3135 1429 3177 esse
1513 3161 1517 3196 3,

245 3215 417 3295 pollicetur,
448 3218 534 3296 Eryx
556 3224 659 3278 autem
681 3225 803 3296 terram,
830 3218 881 3280 cui
902 3225 1034 3297 praeest.
1077 3219 1237 3280 Habemus
1259 3217 1356 3296 igitur
1379 3217 1427 3278 fa·

245 3317 357 3396 bulam,
379 3319 412 3379 id
435 3319 518 3396 quod
540 3320 573 3381 in
594 3320 732 3382 historiis
757 3321 909 3400 Geryonis
932 3321 1130 3401 expeditione
1151 3321 1277 3382 insertis
1299 3321 1428 3399 saepius

244 3418 362 3480 iactum
377 3421 526 3502 videmus,
549 3443 641 3500 quam
655 3423 756 3484 Dores
778 3431 976 3502 usurparunt,
998 3431 1035 3485 ut
1056 3432 1171 3485 terram
1192 3444 1280 3485 suam
1302 3444 1320 3484 a
1340 3423 1428 3502 prin·
1512 3457 1517 3512 ,

246 3522 326 3600 cipio
349 3543 417 3584 esse
444 3524 698 3603 praetenderent;
729 3527 781 3587 vel
809 3525 942 3587 fortasse
974 3525 1081 3586 fabula
1110 3533 1176 3586 tum
1198 3526 1321 3586 demum
1351 3523 1430 3587 ficta
1510 3589 1517 3602 ρ

246 3632 302 3703 est,
336 3645 405 3686 cum
436 3626 536 3688 Dores
567 3627 652 3688 illam
683 3635 798 3688 terram
829 3629 1010 3708 occupaturi
1040 3634 1153 3706 essent,
1186 3627 1269 3707 quod
1301 3629 1428 3705 qnando

245 3724 362 3787 factum
384 3728 426 3788 sit
448 3729 480 3788 in
501 3730 561 3790 hcc
584 3729 707 3806 quidem
729 3750 805 3790 casu
828 3751 909 3792 nunc
932 3750 1053 3809 quoque
1074 3730 1181 3792 videre
1210 3750 1374 3810 possumus
1387 3732 1429 3808 4).
1509 3793 1517 3834 ,

317 3947 348 4012 l)¹
361 3946 389 4001 cf
404 3945 531 4012 Niebuhr,
548 3967 612 4000 roem
628 3952 698 4012 paret
716 3949 729 4002 I
748 3949 863 4018 15-25;
879 3950 976 4005 Nissen
994 3950 1005 4004 l
1023 3967 1036 4006 c
1053 3950 1068 4004 I
1085 3950 1126 4006 61.
1508 3967 1517 4011 t

314 4031 342 4100 2)
360 4032 403 4087 Ita
420 4032 510 4089 Bethii
532 4035 575 4098 (qa
593 4038 661 4084 Diod
677 4051 694 4104 p
713 4035 756 4098 41)
780 4036 915 4090 sententia
932 4036 1013 4091 etiam
1030 4035 1160 4092 Timaeus.
1194 4035 1222 4090 ci
1237 4036 1336 4091 Nissen
1354 4035 1427 4092 196.
1514 4044 1517 4099 l

314 4117 340 4181 3)
359 4117 443 4172 Simul
466 4135 498 4173 ex
520 4119 570 4174 hac
591 4119 782 4175 deliberatione
806 4120 930 4189 sequitur,
953 4121 982 4174 in
1004 4120 1091 4176 verbis
1113 4121 1276 4191 Apollodori,
1299 4121 1328 4176 id
1353 4123 1427 4190 quod

246 4200 324 4256 facile
342 4203 472 4273 quispiam
489 4207 567 4273 putet
586 4235 616 4243 -
634 4203 748 4260 Mueller
762 4208 834 4257 ΙτἨθ
847 4204 924 4260 1140
940 4205 967 4259 in
984 4207 1104 4263 versione
1121 4211 1193 4263 certe
1208 4207 1374 4276 hansposuit
1393 4237 1426 4245 -
1509 4215 1517 4274 q

245 4285 313 4341 nihil
330 4289 487 4345 mumadam
504 4306 569 4356 esse,
587 4289 654 4344 nihil
671 4291 904 4359 transponendum.
1513 4305 1517 4316 ·

315 4371 342 4444 4)
360 4372 388 4427 ei
402 4373 461 4429 Hdt
477 4373 501 4431 V
518 4374 559 4434 43.
593 4374 664 4430 Paos
685 4373 728 4430 111
746 4375 785 4443 1e
802 4376 820 4431 4
837 4375 875 4432 lv
892 4375 933 4444 86,
950 4377 968 4430 4
984 4391 1026 4446 lex
1043 4376 1130 4443 Hdtil
1148 4375 1221 4432 Diod
1237 4374 1276 4432 IV
1293 4374 1334 4442 23,
1351 4375 1376 4432 2.

477 4902 922 5018 „-
