3062 5070
586 331 800 390 ..33-

113 502 252 581 scriptore
273 499 438 561 Haemonii
459 497 523 560 filia
544 500 768 578 nominatur1).
812 499 872 562 Sed
901 509 936 561 ut
966 501 1007 561 ad
1035 499 1183 563 iudicium
1213 523 1282 580 per·

114 606 270 682 veniamus,
293 604 325 662 in
348 603 525 664 universum
548 602 804 664 considerandum
826 611 889 682 est,
919 603 1012 682 Apld.
1035 604 1222 665 omniafere
1246 626 1284 665 ex

112 729 164 768 uno
184 708 269 767 fonte
292 706 440 767 hausisse.
491 705 561 766 Hoc
592 706 731 783 quisquis
753 705 845 786 Apld.
877 727 945 766 cum
973 706 1056 766 Diod
1086 707 1134 768 IV
1156 709 1282 768 29-39

113 818 226 870 etcum
248 808 318 869 aliis
341 808 379 868 de
401 807 450 868 his
472 807 587 868 fabulis
611 808 788 869 auctoribus
812 809 1052 888 comparaverit,
1076 807 1167 871 facile
1190 809 1282 871 Erico

110 911 200 971 Bethe
235 910 399 988 concedet,
431 910 484 987 qui
513 910 546 969 ni
575 908 667 970 fallor
695 910 813 991 primus
844 911 902 972 hoc
935 911 1139 973 enchiridium
1160 912 1281 989 mytho·

110 1013 283 1092 graphicum
308 1033 376 1074 esse
398 1012 523 1091 publice
539 1012 619 1072 dixit
633 1012 666 1072 in
682 1013 808 1091 egregia
823 1013 1049 1093 dissertatione,
1065 1025 1174 1094 quercet.
1194 1017 1281 1074 Diod.

111 1119 242 1194 mprtogr.
289 1115 379 1188 Quod
402 1115 478 1176 satis
501 1113 609 1175 multis
639 1114 715 1176 locis
737 1115 822 1194 Apld
851 1122 883 1176 et
904 1115 987 1176 Diod
1016 1136 1077 1176 non
1108 1116 1281 1194 concinunt,

109 1217 192 1278 facile
215 1239 309 1279 causa
340 1217 505 1279 invenitur.
558 1217 638 1278 Nam
667 1225 721 1277 aut
751 1217 848 1296 Diod,
879 1239 939 1295 qua
970 1227 1037 1280 erat
1067 1218 1209 1298 opinione
1243 1219 1281 1278 de

108 1319 222 1399 fabulis,
246 1319 484 1381 euhemeristioo
506 1319 605 1398 modo,
628 1339 718 1396 quem
740 1340 901 1400 vocamus,
924 1341 973 1381 res
996 1321 1144 1382 tractavit
1155 1322 1199 1399 ²),
1228 1329 1282 1381 aut

108 1443 143 1482 ex
164 1422 230 1483 aliis
253 1422 394 1483 fontibus
417 1422 478 1482 alia
501 1420 672 1484 enchiridio
701 1421 873 1499 inseruit³)
905 1430 959 1482 aut
988 1443 1038 1484 res
1070 1422 1280 1500 confundit⁴).

105 1525 179 1584 Aliis
200 1525 277 1586 locis
300 1526 379 1585 alter
400 1526 470 1604 plus
494 1524 589 1602 elegit
622 1525 736 1602 altero;
774 1523 808 1586 cf
825 1526 911 1604 Apld
932 1525 967 1584 H
991 1528 1017 1604 7,
1041 1528 1068 1604 3,
1092 1527 1111 1584 2
1133 1555 1176 1577 --
1198 1525 1281 1585 Diod

105 1629 190 1705 33‚5
225 1627 271 1706 [cf
300 1628 402 1688 Strab.
424 1627 456 1686 X
485 1628 547 1686 461
579 1627 663 1687 Pane
692 1627 752 1705 III,
779 1630 804 1707 1,
827 1629 848 1687 4
869 1627 922 1688 III
959 1629 1050 1706 21,2
1081 1627 1136 1688 sch
1169 1627 1275 1688 3581

22 1713 23 1728 ¹
104 1729 327 1808 (corrigendum
355 1749 393 1789 ex
422 1729 558 1790 Eustath
588 1731 701 1808 pase,
727 1731 778 1808 10)
809 1729 865 1791 soh
894 1731 959 1790 Eur
983 1729 1026 1790 Or
1047 1731 1109 1791 457
1141 1738 1173 1790 et
1195 1729 1280 1809 Apld

102 1833 152 1891 HI
179 1835 225 1911 10,
249 1833 284 1910 55
315 1831 354 1892 de
377 1831 481 1892 Oeono
512 1829 678 1892 interfecto
707 1837 869 1910 praeterea
900 1833 983 1893 Paua
1005 1833 1056 1892 m
1080 1833 1128 1911 15,
1151 1834 1172 1892 4
1198 1833 1280 1893 Plut.

22 1919 23 1928 '
105 1957 144 2011 qu
172 1935 252 1995 nom
282 1936 324 1994 eo
353 1934 410 1995 soh
440 1937 469 1992 A
501 1935 541 1993 66
573 1933 734 2012 (Andronp
768 1942 799 1994 a
828 1934 912 1994 nior
941 1937 990 2014 31,
1022 1937 1105 1995 r=
1126 1935 1210 2014 Apu
1240 1935 1282 2013 Π,

22 2109 23 2112 ¹
103 2039 132 2111 6,
153 2039 179 2117 3,
201 2038 282 2114 30).
326 2037 439 2096 Utrum
461 2035 577 2096 iamin
600 2036 769 2098 enchiridio
792 2037 896 2098 variae
926 2035 1052 2098 fabulae
1081 2057 1119 2096 ex
1148 2037 1280 2098 diversis

22 2131 23 2140 ¹
102 2139 304 2219 scriptoribus
327 2139 440 2198 allatae
462 2136 579 2198 fuerint
601 2158 715 2217 necne,
745 2159 783 2200 ex
810 2140 869 2200 hac
900 2140 1024 2217 quidem
1046 2147 1136 2219 parte
1160 2138 1277 2200 frustra

22 2255 23 2304 ξ
102 2242 269 2303 diiudicare
290 2248 419 2302 conatus
441 2261 517 2302 sum.
562 2241 616 2301 sin
638 2247 741 2302 autem
757 2262 836 2303 unus
850 2243 937 2303 locus
951 2244 1011 2304 hoc
1025 2243 1070 2303 ita
1083 2262 1151 2304 esse
1167 2243 1277 2304 docere

22 2351 24 2416 t
100 2352 216 2424 potest,
248 2351 297 2405 661
325 2343 410 2423 Apld
433 2344 469 2404 H
492 2346 518 2422 7,
542 2346 570 2421 6,
593 2346 613 2403 2
634 2371 677 2395 =
699 2343 782 2403 Diod
808 2346 856 2423 36,
880 2347 914 2423 2,
944 2345 998 2406 ubi
1027 2345 1055 2406 si
1085 2345 1154 2421 quis
1182 2346 1277 2405 hocce

22 2419 24 2480 i
100 2447 186 2507 modo
210 2446 373 2508 enchiridii
388 2453 504 2507 etatum
521 2445 582 2508 sibi
596 2445 736 2525 fingeret,
759 2447 901 2525 equidem
919 2469 980 2508 non
994 2446 1185 2526 refragarer:
1207 2447 1278 2507 Una

101 2557 132 2610 61
152 2549 252 2610 solida
274 2548 403 2610 historia
427 2549 466 2609 de
487 2569 583 2628 puero
605 2549 659 2609 illo
690 2556 815 2609 narrata
844 2550 949 2610 variae
977 2549 1126 2611 lectiones
1156 2549 1195 2608 de
1224 2570 1278 2609 no·

96 2651 176 2711 mine
205 2659 332 2712 secutae
360 2659 434 2711 suut
464 2672 502 2712 ex
533 2651 705 2729 Hellanico,
734 2651 904 2731 Herodoro,
933 2651 1097 2713 Nicandro.
1142 2652 1221 2711 Tum
1245 2651 1278 2711 in

22 2793 23 2828 ,
96 2753 214 2814 nomine
236 2753 432 2814 Herodorum
455 2753 555 2814 secuti
577 2760 650 2814 sunt
672 2753 756 2832 Apld
787 2762 818 2814 et
839 2755 924 2814 Diod
954 2753 1043 2831 (ch
1065 2755 1097 2814 H
1120 2754 1149 2814 G
1170 2754 1276 2833 1136,

22 2869 23 2934 t
96 2856 213 2916 Robert
235 2877 255 2934 p
280 2857 329 2935 66,
352 2856 453 2916 Bothe
476 2877 504 2916 n.
521 2858 582 2934 91),
605 2856 661 2917 soh
683 2855 768 2934 Apln
788 2857 806 2916 I
830 2859 911 2917 1212
934 2857 1132 2919 Nicandrum.
1175 2857 1277 2916 Itaut

22 2935 24 3040 )
95 2959 199 3018 Athen
221 2957 314 3018 410f
332 2959 426 3017 4116
450 2958 564 3036 optime
587 2957 652 3018 fere
674 2959 878 3020 enchiridium
900 2961 1161 3038 repraesentetf’).
1199 2959 1276 3019 Cum

22 3057 24 3136 )
95 3061 189 3138 igitur
210 3061 260 3120 his
282 3060 461 3139 praemissis
485 3061 658 3122 accuratius
681 3063 799 3140 locum,
829 3062 951 3139 dequo
981 3061 1116 3142 agimus,
1146 3081 1275 3140 perpen-

22 3137 24 3210 i
96 3163 203 3242 dimus,
225 3183 361 3242 pugnam
376 3162 522 3223 Herculis
545 3184 614 3224 cum
629 3164 766 3224 Acheloo
789 3165 872 3224 tauri
893 3164 991 3224 forma
1007 3165 1116 3224 induto
1133 3171 1164 3223 61
1180 3184 1275 3224 cornu

22 3247 23 3304 i
95 3265 159 3325 eius
183 3267 221 3326 ab
243 3265 297 3325 illo
320 3263 493 3325 defractum
515 3265 658 3326 similiter
688 3266 772 3344 apud
802 3287 907 3328 omnes
936 3275 1094 3328 narratum
1124 3265 1274 3342 videmus,

179 3534 203 3600 1)
229 3533 299 3588 Nam
317 3549 411 3603 argum
429 3533 502 3605 Soph
520 3534 570 3601 Tr,
594 3537 625 3590 ut
642 3536 720 3591 modo
740 3535 810 3603 diri,
833 3553 864 3592 ex
880 3536 952 3606 Apld
969 3536 1094 3590 haustum
1113 3537 1162 3602 661,
1188 3550 1274 3605 neque

22 3649 23 3654 κ
96 3619 181 3674 miuus
199 3619 278 3674 Treta
295 3619 349 3690 Lyc
367 3621 408 3675 50.

185 3705 211 3774 2)
229 3705 317 3760 Unum
336 3707 486 3775 exemplum
504 3705 537 3761 de
554 3705 675 3776 pluribus
693 3723 727 3777 ap
745 3707 824 3762 Beth.
840 3723 858 3777 p
876 3707 915 3762 72.

177 3791 204 3858 3)
222 3790 250 3846 ci
273 3807 303 3844 ex
329 3807 361 3859 gr
385 3791 463 3846 Beth
487 3808 505 3860 p
525 3791 556 3846 12
583 3795 611 3846 et
635 3793 669 3846 41
696 3807 746 3862 sqq
776 3790 833 3853 (ubi
857 3795 967 3862 propter
992 3790 1191 3847 similitudinem
1216 3807 1275 3846 oum

94 3875 163 3930 Diod
180 3875 222 3940 53,
238 3878 256 3930 4
274 3875 397 3931 dubitare
414 3875 529 3930 fortasse
546 3877 621 3943 lieet)
639 3881 667 3931 61
683 3895 701 3946 p
719 3877 760 3932 71.
1369 3883 1371 3888 “

176 3962 204 4030 4)
224 3977 255 4016 ex
273 3977 305 4030 gr
322 3961 438 4031 Phylen·
456 3991 490 4000 -
507 3962 606 4033 Phylas
623 3962 649 4016 D
667 3961 708 4027 36,
728 3963 742 4016 1
761 3986 794 4007 ·=
811 3961 835 4016 A
851 3960 880 4015 11
897 3963 920 4028 7,
938 3962 961 4028 6,
980 3962 1002 4028 1,
1026 3961 1073 4017 ubi
1098 3961 1217 4017 confusio
1243 3977 1275 4014 er

95 4046 182 4101 0531
200 4071 232 4091 --
252 4048 274 4098 Β
292 4045 342 4101 659
365 4046 515 4102 declaratur
539 4047 588 4114 (sic
606 4047 699 4117 Heyne
722 4046 757 4101 ad
774 4046 816 4117 Ap
833 4046 895 4115 465)
913 4047 961 4101 aut
982 4047 1097 4101 fortasse
1122 4047 1218 4101 melius
1243 4063 1274 4100 ex

95 4130 178 4187 strab.
199 4149 217 4202 p
235 4131 298 4197 338,
323 4132 375 4187 nisi
397 4133 496 4187 rectius
520 4132 592 4187 Diod
616 4135 727 4202 putatur
743 4132 873 4201 Phyleum
900 4148 930 4186 er
948 4147 962 4187 c
979 4131 1020 4198 33,
1038 4133 1054 4185 4
1071 4132 1115 4187 hic
1133 4147 1273 4202 perperam

96 4217 237 4272 induxisse.

174 4303 200 4365 5)
218 4302 335 4357 ΡιιιιιΠ
353 4303 395 4371 13,
414 4302 431 4358 8
455 4303 553 4359 nulline
577 4303 706 4358 momenti
724 4303 772 4357 est
790 4331 823 4340 -
847 4301 935 4357 Aliter
959 4302 992 4356 de
1017 4301 1067 4357 hac
1093 4318 1122 4356 re
1146 4299 1274 4356 iudicarit

94 4387 198 4445 Knaadr
216 4393 292 4440 Hem
309 4387 401 4444 XXIII
420 4388 477 4444 138.

1067 4505 1083 4562 3
