3062 5070
603 333 819 392 -35-

124 512 178 584 est,
208 525 275 565 rem
298 525 337 566 ex
358 503 540 581 Pherecyde
571 503 697 564 allatam
724 503 858 567 fortasse
885 525 925 566 ne
955 506 1150 568 coniunctam
1179 507 1304 585 quidem

119 607 200 686 apud
222 629 294 668 eum
315 607 414 668 fuisse
445 626 515 668 eum
536 606 702 668 Deianirae
723 607 916 686 Acheloique
946 608 1060 688 fabula,
1089 611 1134 670 ite
1156 621 1191 671 ιιι
1219 612 1303 691 apud

45 777 50 784 ,
118 709 201 788 Apld
232 710 378 771 vidimus
427 709 508 769 Nam
537 710 734 770 Amaltheam
766 709 853 772 Iovis
883 712 1036 772 nutricem
1066 711 1163 775 fuisse
1193 723 1302 774 uotum

118 818 164 871 est
176 814 214 890 ¹),
237 819 333 890 atque
355 813 414 872 hac
435 813 469 872 in
490 833 524 874 re
546 812 761 890 Pherecydem
789 812 868 873 illud
897 833 1135 875 commemorare
1162 815 1302 894 potuisse

118 935 205 974 nemo
228 923 333 993 neget

203 1033 420 1111 Pherecydem
441 1035 481 1094 ab
502 1033 589 1112 Apld
618 1033 760 1094 additum
791 1053 876 1112 esse,
904 1037 1012 1096 statim
1041 1043 1160 1097 certum
1189 1045 1238 1097 est
1268 1036 1301 1096 in

118 1136 215 1196 altero
238 1135 414 1214 fragmento
436 1138 504 1214 (28)
527 1137 566 1197 ab
587 1136 673 1216 Apld
696 1137 742 1212 (Π
763 1139 793 1216 4,
815 1139 844 1216 8,
866 1141 899 1213 4)
921 1146 1044 1200 servato
1066 1143 1122 1216 (=
1142 1139 1198 1200 sch
1218 1137 1302 1198 Piud

117 1239 283 1317 N1,65).
327 1239 400 1317 Ipse
432 1239 514 1299 euim
544 1249 658 1318 narrat,
688 1238 893 1300 dracones
923 1240 1024 1301 duos
1046 1261 1066 1301 a
1086 1241 1240 1301 Iunone
1261 1241 1301 1300 iu

117 1341 322 1402 Herculis
343 1340 610 1420 Iphiclieque
631 1342 783 1402 lectum
804 1342 1007 1404 missosab
1019 1343 1074 1403 illo
1089 1344 1301 1422 strangulatos

20 1485 21 1488 η
119 1465 192 1521 esee,
209 1453 304 1521 atque
319 1443 416 1521 addit,
434 1444 517 1524 apud
528 1443 741 1521 Pherecydem
756 1465 818 1505 non
832 1446 982 1506 Iunonem
996 1453 1157 1525 serpentes
1171 1445 1301 1523 misisse,

120 1555 153 1606 ut
166 1547 334 1606 Herculem
357 1545 512 1624 perderet,
534 1546 590 1606 sed
603 1547 870 1626 Amphitryouem,
892 1557 929 1608 ut
950 1555 1021 1608 uter
1034 1547 1120 1609 Iovis
1141 1555 1212 1608 uter
1226 1567 1301 1608 suus

20 1699 21 1702 ,
119 1657 200 1709 esset
223 1647 307 1709 filius
330 1655 539 1726 cognosceret
575 1649 637 1709 Hic
659 1649 757 1726 igitur
777 1648 976 1712 menifestum
998 1659 1055 1729 est,
1076 1649 1299 1729 Apollodorum

20 1733 22 1776 ⁷
119 1751 148 1810 in
169 1751 303 1812 historia
324 1771 343 1810 a
365 1769 398 1810 se
428 1750 546 1810 tradite
577 1771 638 1810 non
659 1751 842 1829 Pherecyde
870 1773 960 1814 usum
982 1773 1066 1831 esse,
1093 1753 1147 1829 qui
1169 1752 1300 1832 omniuo,

20 1853 22 1920 ἱ
118 1861 265 1929 quantum
297 1852 422 1930 quidem
451 1873 509 1913 uos
539 1852 697 1932 videmus,
730 1853 762 1912 in
792 1854 852 1915 hac
880 1853 987 1915 fabula
1018 1856 1110 1935 plane
1141 1854 1300 1934 singulare

20 1989 21 2044 p
118 1958 272 2029 narrat2).
316 1954 377 2016 Sed
399 1953 537 2015 fabulam
560 1956 719 2033 vulgatam
741 1964 867 2017 secutus
889 1965 955 2036 est,
984 1965 1021 2018 ιιι
1042 1956 1126 2038 apud
1147 1956 1230 2016 Diod
1252 1957 1299 2018 IV

20 2049 21 2054 ¹
120 2058 209 2135 10,1,
231 2056 315 2116 Piud
329 2057 359 2118 N
387 2060 414 2136 1,
436 2059 479 2118 40
501 2057 652 2138 (Philostr
672 2058 727 2118 iun
748 2058 834 2138 imag
855 2059 887 2136 ὅ)
909 2059 1031 2121 Τιιιοιι
1051 2061 1095 2120 24
1116 2060 1298 2139 legimus2).

202 2349 228 2411 1)
246 2345 283 2403 01
296 2347 371 2402 locos
386 2362 420 2417 sp
437 2345 660 2412 heller-Bohert,
676 2365 706 2410 qr
721 2351 788 2410 nyss
807 2347 821 2401 1
838 2363 856 2418 p
874 2345 915 2402 dd

201 2450 229 2518 2)
246 2448 407 2505 addendum
424 2452 480 2515 ιιι,
503 2465 538 2504 ne
555 2448 683 2504 'liresiam
700 2449 807 2519 quidem
823 2449 893 2504 bene
911 2447 946 2504 ad
962 2448 1142 2520 Pherecydem
1160 2448 1298 2518 quadrare,

118 2550 276 2605 quemquam
294 2534 493 2590 eoncedendum
510 2537 569 2601 ιιι,
594 2536 676 2592 emm
693 2535 765 2606 apud
782 2551 844 2590 eum
860 2535 930 2590 tales
947 2538 1038 2604 partes
1064 2535 1140 2590 illum
1164 2536 1300 2606 suscipere

114 2622 239 2691 potuisse
257 2651 291 2662 -
309 2620 388 2688 Quod
405 2621 453 2676 sch
469 2621 540 2676 Piud
557 2621 630 2687 dicit
646 2621 790 2677 Herculem
812 2624 871 2676 tum
896 2620 951 2675 iam
976 2636 1056 2676 unum
1082 2637 1179 2676 amum
1206 2621 1301 2690 egisse

114 2709 201 2762 nescio
217 2723 283 2762 num
299 2707 336 2762 ad
351 2706 533 2777 Pherecydem
549 2705 710 2762 trahendum
727 2707 770 2762 sit
804 2706 929 2762 Potuisse
954 2722 1014 2761 eum
1039 2705 1092 2761 ism
1117 2707 1184 2760 talia
1209 2723 1240 2760 ex
1256 2723 1299 2760 ra·

113 2793 185 2847 tione
202 2809 234 2848 ae
252 2791 446 2848 deliberatione
463 2791 583 2862 proiecta
603 2809 725 2858 uerrere,
751 2808 782 2847 ex
806 2791 859 2847 alio
885 2792 1004 2863 exemplo
1028 2791 1130 2846 elucet:
1165 2791 1219 2849 wil
1236 2794 1300 2853 Isell

113 2879 182 2948 pet.
216 2878 345 2933 Iunonem
362 2895 475 2949 puerum
492 2878 571 2934 ruodo
589 2882 682 2934 netum
699 2877 812 2944 perdere
828 2878 904 2943 velle,
921 2893 976 2933 uon
988 2894 1058 2933 anuo
1069 2877 1122 2932 iam
1136 2877 1297 2944 intermisso,

113 2965 206 3020 melius
224 2967 253 3019 et
270 2963 415 3034 simplicius
432 2964 545 3033 videtur,
563 2965 682 3035 itemque
692 2964 913 3036 Amphitryouem
931 2963 965 3018 de
980 2963 1057 3034 prole
1074 2964 1215 3018 certiorem
1231 2963 1297 3018 fleri

113 3048 165 3104 Sed
181 3051 274 3119 potest
291 3047 392 3117 aliquid
409 3049 502 3104 letare.
542 3049 612 3105 Nem
636 3051 718 3106 etiem
742 3049 814 3120 apud
830 3048 934 3104 Theocr
960 3048 1052 3105 decem
1075 3063 1179 3103 meuses
1204 3051 1297 3103 natum

111 3134 245 3200 videmus,
267 3133 406 3202 simileque
431 3134 503 3204 apud
526 3135 605 3190 Diod
639 3135 727 3203 (Hune
750 3135 779 3190 a
796 3135 883 3190 Bothe
907 3154 939 3198 on
962 3138 1032 3185 Diod
1054 3135 1195 3205 pil-ll
1220 3135 1248 3190 iu
1266 3150 1296 3190 ee

112 3219 197 3275 9-13
215 3235 247 3274 ex
263 3219 381 3275 Hatride
399 3219 527 3274 Thebano
544 3223 624 3290 putat
639 3219 773 3286 hausisse,
800 3237 831 3274 ex
848 3236 901 3289 quo
918 3235 979 3275 mox
996 3219 1031 3275 de
1048 3219 1171 3276 Herculis
1187 3218 1296 3276 nomine

22 3353 23 3366 ,
112 3303 600 3374 smpcauwuueraeem.)

196 3405 223 3475 3)
243 3405 271 3461 ef
285 3405 341 3460 wil
358 3409 409 3457 Har
426 3405 440 3460 1
457 3405 516 3462 295.
533 3403 584 3463 298
601 3423 616 3462 c
633 3411 682 3464 not
698 3409 740 3466 55.
758 3439 792 3448 —

194 3491 276 3546 Aliud
292 3491 317 3545 h
334 3491 397 3560 (67),
416 3491 449 3546 de
467 3506 519 3560 quo
538 3493 632 3549 eodem
657 3493 736 3549 modo
760 3493 930 3549 iudicandum
955 3495 1010 3559 ιιι,
1034 3491 1199 3563 praeteriens
1224 3507 1295 3547 eem-

110 3593 234 3644 memoro,
251 3576 323 3646 quod
341 3575 413 3647 apud
430 3577 508 3646 Apld
525 3594 580 3633 nou
596 3577 668 3633 iuter
685 3577 808 3634 Herculis
830 3579 903 3634 faeta
928 3579 1026 3644 exstat,
1050 3577 1099 3633 sed
1122 3577 1193 3632 iuter
1209 3576 1295 3646 Argo·

111 3667 250 3718 nautarum
268 3662 299 3731 (Ι,
316 3662 340 3724 9,
358 3662 383 3730 9,
402 3661 453 3726 13).
488 3661 530 3718 01)
549 3679 607 3718 eam
626 3679 733 3719 causam
745 3665 864 3734 Wagner
880 3664 931 3719 hoe
949 3679 980 3718 ex
997 3662 1151 3733 Pherecyde
1167 3661 1294 3717 haustum

111 3765 168 3803 esse
185 3748 301 3802 fumasse
324 3764 379 3803 nou
399 3752 498 3804 censet
532 3747 621 3804 Etiam
646 3748 685 3804 ibi
702 3749 781 3820 Apld
799 3750 913 3819 primum
931 3750 1073 3805 Herculem
1099 3749 1127 3804 iu
1143 3747 1230 3819 Hysia
1253 3763 1295 3802 re-

110 3835 240 3888 mansisse
256 3832 348 3899 tradit
365 3832 463 3888 deiude
481 3833 598 3889 ᾰίιιιιιι
615 3834 723 3890 fabulae
741 3835 840 3890 formas
858 3834 943 3901 affert
960 3836 1032 3889 iuter
1048 3851 1115 3905 quas
1131 3831 1293 3903 Pherecydis

109 3917 300 3984 narrationem,
323 3919 377 3974 iam
400 3919 428 3973 iu
451 3917 590 3974 Thessalia
607 3919 749 3976 Herculem
765 3921 838 3989 Argo
862 3920 923 3974 navi
950 3919 1013 3974 ferri
1035 3936 1089 3975 nou
1115 3920 1242 3990 potuisse,
1267 3917 1296 3972 ef

111 4004 216 4060 omuino
236 4004 289 4059 wn
313 4004 471 4059 Her1280.
507 4005 632 4061 Ceterum
656 4004 689 4059 de
716 4005 809 4060 eadem
832 4021 861 4060 re
884 4004 984 4060 eisdem
1011 4004 1184 4076 scriptoribus
1202 4001 1292 4058 allatis

109 4089 136 4144 in
148 4090 195 4144 seh
212 4089 283 4161 Apln
301 4091 315 4146 I
335 4089 402 4146 1289
421 4090 517 4160 egitur.
551 4091 640 4161 Atque
658 4106 718 4145 cum
734 4089 805 4161 Apld
823 4090 929 4159 saepius
947 4090 1040 4146 eadem
1059 4094 1140 4160 etque
1157 4088 1204 4144 seh
1221 4087 1293 4158 Aplu

23 4189 24 4228 3
110 4175 214 4231 tradere
226 4175 370 4241 videamus,
379 4179 471 4231 uestro
480 4177 537 4232 iure
546 4191 712 4231 communem
720 4175 822 4230 iontem
831 4175 959 4230 sumimus
969 4175 1011 4244 (cf
1017 4173 1164 4246 suprapld
1172 4171 1291 4242 adher)

110 4262 137 4314 et
143 4263 286 4331 propterea
294 4261 373 4332 plene
384 4264 526 4332 utrumque
534 4264 723 4332 congruentem
735 4260 877 4316 reddimus.
901 4264 1032 4316 Narratur
1040 4263 1129 4315 eutem
1139 4259 1170 4336 in
1183 4258 1230 4314 soh
1238 4257 1292 4328 pri·

108 4361 178 4400 mum
188 4363 220 4400 er
231 4346 350 4402 Hesiodo
361 4346 455 4414 &1178
465 4348 514 4416 Ra)
523 4347 664 4402 Herculem
677 4362 736 4402 enm
748 4347 912 4415 Argonautis
924 4346 1094 4415 navigantem
1103 4343 1218 4415 Aphetie
1230 4342 1292 4398 navi

109 4428 290 4498 descendisse,
307 4435 337 4487 ut
355 4448 451 4502 squam
468 4433 622 4504 quaereret,
641 4447 726 4502 eoque
749 4431 829 4487 modo
854 4433 975 4488 relietum
993 4447 1059 4487 esee
1093 4430 1199 4572 lgeinde
1215 4427 1290 4486 Auti-

1117 4518 1131 4545 ι
