3062 5070
705 1636 763 1729 Da
793 1635 976 1730 Hercule.

332 1855 410 1959 His
432 1896 611 1977 praemissis
633 1895 756 1957 fabulas
778 1897 941 1957 nonnullas
960 1895 1000 1955 ad
1014 1894 1227 1973 Pherecydem
1241 1892 1443 1971 pertinentes

252 2009 443 2063 tractaturus
466 2020 541 2060 sum.
586 1999 691 2077 Atque
720 2020 775 2077 pro
807 1999 899 2060 huius
929 1997 1218 2059 dissertatiunculae
1250 1995 1366 2056 finibus
1399 1995 1443 2054 de

251 2104 397 2166 Herculis
412 2103 571 2164 laboribus
587 2102 734 2162 nonnulla
756 2101 860 2163 dicere
875 2101 951 2162 satis
966 2101 1098 2161 habebo.
1134 2101 1215 2161 Nam
1230 2098 1277 2159 Ri
1287 2119 1303 2160 o
1313 2099 1442 2158 ardus

252 2207 435 2284 Wagner
456 2227 476 2284 p
495 2207 554 2265 157
578 2205 644 2265 eius
666 2205 746 2283 libri,
769 2225 829 2281 quo
844 2204 1026 2284 Apollodori
1047 2202 1123 2264 bibl
1147 2202 1320 2283 epitomam,
1344 2223 1443 2289 quam
1520 2224 1521 2233 ¹

251 2308 283 2368 in
314 2309 419 2369 codice
449 2307 581 2387 quodam
610 2307 761 2368 Vaticano
792 2307 970 2385 invenerat,
1003 2306 1115 2384 edidit,
1147 2305 1333 2366 sententiam
1364 2325 1443 2384 pro·
1520 2328 1521 2351 ¹

251 2411 370 2490 posuit,
398 2403 593 2489 ‘Pherecydem
626 2415 655 2470 ia
687 2413 852 2470 enarranda
877 2413 1011 2469 Herculis
1034 2414 1094 2470 6116
1112 2411 1259 2487 permulta
1282 2430 1319 2467 ea
1342 2411 1443 2486 Pany-

253 2515 358 2573 assr'dr's
373 2518 500 2573 carmine
523 2505 707 2591 tuusrlrse'l).
731 2512 827 2585 Quam
852 2512 1060 2573 coniecturam
1083 2532 1151 2571 cum
1173 2532 1235 2571 non
1257 2511 1364 2571 multis
1390 2533 1442 2572 ar·
1520 2496 1521 2513 ¹

254 2617 409 2695 gumentis
441 2615 639 2693 instruxerit,
674 2614 730 2676 sed
759 2612 891 2675 fortasse
920 2614 996 2676 alibi
1027 2614 1276 2677 confirmaturum
1304 2635 1337 2675 se
1368 2635 1442 2676 esse
1520 2658 1521 2669 .

253 2720 425 2800 promittat,
447 2725 589 2780 nostrum
613 2725 662 2780 est
682 2717 865 2795 fragmentis
887 2717 1090 2796 Panyassidis
1112 2717 1341 2796 perlustrandis
1365 2737 1441 2778 exa·

253 2823 378 2883 minare.

338 2926 441 3003 Atque
471 2925 604 3004 primum
634 2924 712 2985 nihil
742 2924 781 2984 de
810 2923 930 2985 ratione
961 2922 1024 2984 dici
1044 2931 1156 3002 potest,
1189 2945 1268 3001 quae
1290 2924 1333 2985 sit
1354 2923 1442 2986 inter

252 3032 310 3090 hos
345 3029 527 3107 scriptores,
557 3029 589 3089 in
620 3029 687 3088 Pan
709 3026 755 3088 frr
777 3030 826 3088 23.
852 3030 899 3088 11.
924 3029 1167 3088 15.20.21.4.
1192 3029 1240 3087 12.
1265 3028 1312 3087 13.
1337 3029 1385 3087 14.
1410 3031 1440 3087 9.

253 3135 282 3193 3.
306 3135 333 3192 1.
356 3131 449 3192 2111.
502 3131 583 3192 Nam
612 3131 745 3211 primum
766 3129 858 3193 valde
880 3130 1034 3191 incertum
1065 3138 1129 3210 est,
1159 3129 1243 3208 quod
1271 3129 1314 3188 hh
1339 3130 1381 3190 dd
1405 3131 1439 3190 in

256 3242 346 3313 parte
368 3234 491 3295 illorum
522 3233 728 3312 significatum
759 3254 827 3294 esse
855 3240 1013 3312 putarunt.
1064 3234 1125 3294 Sed
1156 3240 1192 3293 ut
1220 3233 1438 3311 interpretatio

253 3338 376 3398 illorum
398 3336 440 3398 sit
462 3338 512 3397 vel
535 3335 711 3397 verisimilis
733 3336 784 3398 vel
806 3335 899 3396 etiam
922 3344 1024 3414 certa,
1055 3345 1160 3397 tamen
1180 3335 1259 3396 nihil
1282 3334 1438 3396 derebus

259 3441 292 3500 in
314 3440 359 3501 eis
382 3439 514 3500 detectis
538 3459 575 3499 ex
597 3437 778 3516 Pherecyde
800 3446 957 3500 servatum
979 3447 1035 3500 est.

342 3542 547 3603 Transeamus
569 3541 667 3620 igitur
689 3540 729 3601 ad
750 3541 804 3601 illa
827 3540 1006 3621 fragmenta,
1030 3542 1068 3602 de
1091 3541 1204 3618 quibus
1226 3541 1376 3601 nonnulla
1398 3561 1438 3602 ex

255 3644 437 3727 Pherecyde
460 3644 589 3723 scimus,
611 3644 667 3705 sed
689 3652 836 3705 nontam
858 3645 971 3723 multa,
1004 3652 1039 3705 ut
1062 3663 1140 3722 quae
1162 3643 1241 3704 ratio
1264 3643 1296 3702 in
1318 3643 1367 3705 his
1390 3643 1437 3704 1·

258 3746 341 3807 bulis
364 3745 446 3806 inter
473 3768 542 3807 eum
565 3754 596 3808 61
617 3747 839 3825 Panyassidam
868 3745 1049 3825 intercedat,
1080 3745 1250 3807 diiudicare
1272 3747 1437 3824 possimus.

255 3850 307 3909 Ita
328 3847 357 3908 fr
379 3851 421 3909 30
443 3849 498 3910 sch
512 3849 594 3909 Pind
616 3849 717 3910 Isthm
739 3852 758 3910 3
782 3851 825 3926 (4)
851 3851 911 3908 104
932 3857 1056 3928 praeter
1077 3869 1237 3909 numerum
1260 3856 1291 3908 et
1313 3851 1438 3910 nomina

255 3951 447 4012 Herculis
470 3953 742 4030 Megaraeque
764 3952 990 4012 liberorum
1019 3952 1052 4011 id
1080 3959 1201 4012 tantum
1223 3953 1436 4032 comperimus,

258 4063 385 4133 apatre
407 4053 565 4132 inignem
588 4055 742 4115 coniectos
764 4074 816 4115 eos
839 4074 915 4132 esse,
937 4073 1044 4133 neque,
1067 4062 1102 4114 ut
1125 4055 1163 4114 ab
1186 4054 1255 4116 aliis
1277 4063 1436 4117 narratum
1520 4067 1521 4092 ¹

343 4274 368 4342 1)
393 4273 426 4329 In
443 4273 581 4330 Strabonis
598 4274 657 4329 loco
676 4275 705 4345 (p
724 4273 776 4345 18),
801 4289 879 4344 quem
906 4273 940 4328 ad
964 4272 1016 4328 boo
1042 4276 1238 4338 commemorat,
1254 4272 1435 4345 Pherecydem

259 4360 370 4430 Syrium·
380 4360 583 4431 intelligendum
602 4376 674 4426 asse,
692 4377 723 4415 ex
741 4359 805 4416 Suid
823 4359 883 4426 Φερ.
911 4357 1012 4430 (ibique
1028 4359 1159 4431 Porphyr)
1177 4362 1302 4434 apparet,
1326 4362 1358 4414 ut
1381 4362 1435 4421 iam

256 4447 332 4514 §turn
352 4449 424 4511 recte
442 4446 510 4508 vidit
526 4463 544 4527 p
563 4445 616 4516 11¹,
