3062 5070
735 324 948 383 „50-

229 491 341 553 deinde
365 491 468 572 titgeri
490 501 612 555 tantum
634 493 720 555 etin
740 493 799 556 hac
820 492 927 556 fabula
949 493 1171 574 crepitaculum
1191 493 1259 556 sive
1281 494 1411 556 deorum

228 593 409 656 subsidium
429 597 497 658 loco
519 617 575 658 suo
599 605 692 659 stare.

316 697 378 758 Sed
400 698 450 759 his
471 698 504 759 in
518 699 697 762 universum
718 699 879 779 perpensis
901 699 986 779 Apld
1007 700 1215 762 narrationem
1234 700 1412 762 accuratius

229 799 437 878 inspiciamus.
474 800 579 880 Atque
594 796 691 882 ὄρνεις
706 794 837 876 ἄπλετοι,
855 797 984 882 κρόταλα
997 797 1104 879 χάλκεα
1118 812 1229 882 poetae
1241 786 1412 864 dictionem

229 901 346 963 referre
362 903 516 965 videntur.
553 904 598 966 At
619 895 735 966 talibus
751 905 855 966 verbis
878 905 970 966 etiam
985 905 1182 984 Pherecydes
1204 905 1328 985 saepius
1349 906 1412 966 uti-

231 1011 291 1065 tur.
336 1005 397 1066 Sed
420 1006 530 1068 sinon
552 1007 654 1087 pisces
676 1007 723 1068 illi
746 1048 786 1058 -
810 1027 881 1069 nam
903 1008 961 1068 hoc
978 1027 1015 1067 ex
1035 1006 1143 1069 fabula
1157 1009 1298 1086 qualibet
1312 1009 1412 1088 recipi

229 1114 352 1185 poterat
382 1146 424 1156 —
452 1116 556 1170 tamen
579 1107 628 1170 ert
649 1133 728 1182 τινος
751 1104 844 1189 ὅρους
868 1117 978 1188 poetae
1001 1109 1241 1190 descriptionem
1267 1111 1411 1172 redolere

230 1210 370 1288 videtur3
392 1211 514 1272 scilicet
528 1232 578 1274 res
593 1213 792 1292 peculiariter
808 1212 899 1290 dicta,
921 1232 1000 1289 quae
1022 1232 1083 1273 non
1098 1210 1138 1272 ad
1156 1211 1294 1274 fabulam
1309 1213 1410 1293 ipsam

230 1312 398 1391 quidquam
422 1313 529 1394 efficit,
560 1316 616 1376 sed
638 1335 674 1377 eo
696 1323 818 1377 tantum
841 1314 969 1376 consilio
992 1315 1037 1375 ita
1058 1322 1197 1393 narrata,
1227 1323 1263 1376 ut
1285 1315 1412 1394 singula

230 1435 369 1492 quaeque
401 1417 490 1495 quasi
520 1417 617 1480 oculis
647 1425 831 1498 spectemus.
881 1418 949 1478 Hoc
978 1417 1005 1478 si
1035 1417 1104 1495 quis
1135 1418 1286 1496 concedit,
1315 1438 1409 1496 porro

230 1512 335 1595 ἐφόβει
357 1526 388 1580 et
410 1513 482 1596 perci
504 1517 590 1591 δέους
617 1513 776 1580 ἀνίπταντο
799 1520 903 1582 nescio
932 1520 986 1598 qui
1006 1520 1158 1581 vocabula
1185 1519 1274 1599 spica
1303 1520 1412 1597 φοβεῖν

231 1627 264 1681 et
286 1620 452 1699 peticiones
466 1623 624 1684 continere
638 1623 792 1684 videntur.
836 1623 914 1686 Cum
936 1622 1068 1701 denique
1091 1622 1311 1684 contulerimus
1328 1623 1407 1684 Her·

230 1723 292 1783 culi
310 1723 390 1784 nihil
408 1725 587 1786 mandatum
610 1746 686 1806 esse,
707 1726 769 1787 nisi
787 1719 840 1796 τὰς
855 1719 983 1805 ὄρνιθας
999 1723 1146 1800 ἐκδιῶξαι,
1168 1724 1292 1784 adeum
1306 1725 1409 1805 finem,

229 1825 291 1887 nisi
304 1824 405 1906 fallor,
427 1847 580 1907 cogemur,
601 1827 740 1890 fabulam
761 1849 831 1890 cum
845 1827 949 1889 verbis
971 1823 1043 1904 perd
1060 1825 1146 1899 δέους
1161 1821 1321 1887 dolassem
1345 1829 1409 1905 (vel

229 1927 262 1987 ul
281 1921 307 1987 δ’
322 1925 466 2007 ἐφέβοντο
480 1932 571 2008 τηλοῦ
592 1925 724 2014 αἰτυζηλῷ
739 1923 799 1991 siud
817 1930 930 2008 δείματι
944 1930 1127 2010 κεκληγυῖαι)
1150 1929 1323 1992 confectam
1339 1951 1409 1992 esse

229 2038 261 2092 et
275 2031 372 2092 verba
393 2029 443 2091 nul
465 2035 573 2093 τοῦτον
595 2028 645 2095 roh
669 2027 781 2113 τρόπον
796 2025 941 2114 Ἡρακλῆς
964 2028 1111 2105 ἐτόξευσεν
1133 2027 1226 2104 adroic
1248 2053 1286 2093 ex
1308 2034 1407 2094 altero

230 2131 354 2194 fabulae
376 2154 489 2213 genere
511 2135 620 2196 addita
640 2156 717 2197 esse.
830 2202 836 2212 ,

314 2236 420 2298 Verba
447 2238 538 2299 modo
568 2239 665 2300 allata
686 2237 733 2319 (αἱ
750 2231 780 2297 δ’
800 2235 944 2316 ἐφέβοντο
966 2239 1039 2316 κτλ.)
1060 2237 1218 2318 Apollonii
1240 2238 1286 2314 (II
1311 2239 1406 2315 1057)

231 2345 305 2399 sunt
326 2337 432 2417 itaque
454 2339 586 2403 fortasse
609 2340 678 2418 quis
700 2347 790 2421 putet
820 2361 858 2401 ex
887 2341 945 2402 hoc
966 2340 1147 2419 Apollodori
1176 2339 1315 2402 fabulam
1341 2361 1406 2401 ma-

230 2460 322 2502 nasse
344 2449 376 2502 et
399 2439 447 2502 tat
468 2465 548 2514 τινος
570 2437 661 2524 ὅρους
683 2451 894 2524 comparatum
915 2463 984 2504 cum
1007 2441 1056 2504 eet
1079 2446 1206 2520 σκοπιῆς
1228 2438 1407 2520 περιμήκεος

228 2544 301 2605 huic
323 2545 497 2607 sententiae
519 2545 632 2608 faveat.
676 2547 738 2608 Sed
759 2554 796 2608 ut
818 2545 1007 2626 crepitacula
1029 2567 1047 2607 a
1067 2545 1208 2606 Minerva
1223 2544 1339 2605 donata
1360 2545 1407 2605 in·

229 2647 418 2727 telligantur,
444 2669 506 2709 non
527 2650 618 2710 modo
640 2657 763 2729 poetam
785 2648 895 2730 ipsum,
923 2648 979 2710 sed
1002 2648 1096 2710 stiam
1117 2647 1236 2710 scholia
1257 2655 1410 2727 usurpata

229 2769 297 2810 esse
320 2749 507 2811 censendum
529 2751 579 2813 sit.
623 2751 765 2830 Denique
787 2772 838 2813 res
859 2751 1058 2831 peculiariter
1076 2751 1179 2812 dictae
1200 2771 1301 2827 neque
1323 2750 1408 2829 apud
1529 2741 1530 2750 ¹

230 2872 299 2914 eum
321 2873 420 2931 neque
441 2855 525 2933 apud
555 2853 739 2916 scholiastes
768 2853 976 2915 inveniuntur.
1028 2854 1140 2932 Itaque
1170 2860 1246 2932 puto
1276 2853 1338 2912 iam
1367 2853 1407 2912 ab
1529 2839 1530 2880 ³

229 2954 393 3035 Apollonio
417 2976 455 3017 ex
478 2956 611 3018 carmine
634 2957 722 3037 spico
744 2956 889 3018 haustum
919 2976 1001 3035 esse,
1030 2956 1063 3016 id
1086 2956 1260 3034 quodcum
1283 2955 1407 3016 omnino

230 3079 292 3119 non
313 3058 460 3119 miramur
481 3066 549 3120 tum
569 3059 629 3120 hoc
650 3060 718 3120 loco
741 3059 842 3120 minus
869 3065 917 3120 est
938 3059 1061 3138 mirum,
1092 3057 1165 3136 quia
1194 3058 1271 3120 haec
1300 3056 1409 3119 fabula

229 3168 387 3241 tamquam
408 3160 442 3221 in
464 3181 597 3222 excursu
618 3161 766 3240 tangitur.

316 3263 402 3338 Quae
425 3283 494 3326 cum
515 3263 561 3324 ita
582 3264 655 3343 sint,
678 3284 788 3326 censeo
811 3262 1033 3342 Apollodorum
1063 3263 1096 3324 in
1122 3264 1225 3344 priore
1247 3269 1337 3342 parte
1369 3283 1409 3324 ex

232 3367 366 3428 carmine
381 3365 468 3446 spico
484 3365 625 3428 hausisse
647 3401 689 3412 -
710 3373 814 3427 utrum
828 3365 974 3427 Pisandri
990 3387 1099 3428 nomen
1116 3366 1178 3428 dici
1199 3366 1291 3428 liceat
1311 3385 1409 3426 neone

230 3469 285 3532 vix
307 3468 470 3531 diiudicari
493 3469 657 3549 possit-
679 3469 819 3547 alterum,
849 3468 969 3530 scilicet
990 3468 1124 3530 interfici
1149 3489 1231 3547 aves,
1262 3488 1332 3530 cum
1353 3468 1409 3529 illo

232 3571 423 3650 compilasse.
465 3570 571 3650 Atque
599 3572 657 3633 hoc
688 3591 726 3632 ex
755 3571 825 3632 aliis
855 3579 949 3650 atque
977 3571 1158 3650 Pherecyde
1188 3591 1257 3632 eum
1286 3591 1411 3632 sumere

231 3673 371 3754 potuisse
394 3672 612 3754 demonstravi,
641 3675 697 3736 sed
719 3672 852 3736 fortasse
874 3694 913 3735 ex
935 3694 970 3736 co
1000 3674 1141 3754 sumpsit,
1170 3674 1231 3734 nisi
1253 3674 1347 3734 ctiam
1370 3674 1410 3734 de

231 3775 414 3855 Pherecyde
438 3775 574 3837 dubitari
595 3783 707 3857 potest,
729 3776 790 3866 ie.
813 3775 980 3856 fragmenti
1001 3777 1097 3837 verba
1119 3797 1157 3837 ex
1175 3778 1321 3837 Mnaseae
1343 3774 1411 3836 fiu-

232 3878 314 3940 stulo
337 3897 407 3940 cum
428 3877 482 3940 illo
505 3879 675 3959 composito
697 3886 771 3941 sunt
791 3885 865 3940 orta

318 4205 398 4266 Tum
419 4205 459 4266 de
482 4204 526 4267 eis
548 4204 665 4266 fabulis
688 4205 901 4268 disserendum
930 4214 986 4286 est,
1017 4225 1096 4285 quae
1118 4226 1188 4267 cum
1208 4204 1411 4268 Herculis

234 4315 358 4388 partu
380 4308 554 4370 cohaerent.
596 4307 783 4386 Priusquam
797 4316 901 4370 antem
920 4308 960 4370 ad
974 4308 1197 4389 Apollodorum
1219 4308 1413 4388 accedamus,

235 4410 274 4471 de
297 4410 506 4473 fundamentis
522 4409 632 4490 dicam,
654 4410 767 4488 quibus
783 4432 862 4490 quae
884 4411 923 4474 de
937 4411 1119 4491 Pherecyde
1133 4411 1247 4474 scimus
1261 4410 1414 4472 nitantur.
1526 4420 1527 4463 l

34 4589 36 4592 .
288 4748 1091 5042 1)ss
