3062 5070
685 341 896 400 ..54-

196 517 301 579 Verba
321 514 439 577 tradita
459 521 533 576 sunt
555 515 646 577 haee:
670 562 722 576 ...
743 501 909 590 Ἱπποθόη,
932 501 970 591 ἧς
990 509 1042 574 καλ
1060 510 1250 582 nocero-vor
1269 504 1380 588 Πτερέ-

200 623 278 690 λαος.
303 614 452 696 τηλεβόας.
477 609 517 688 οἷς
539 613 573 677 δέ
593 637 669 688 τινες
687 611 855 695 Πτερελάου
875 618 929 677 τοῦ
949 611 1099 694 Τηλεβόου
1122 612 1256 695 ἐγένοντο
1273 611 1380 682 παῖδες

197 719 228 782 οἱ
247 713 427 797 καλούμενοι
454 713 607 798 Τηλεβόαι.
651 719 738 793 Quae
752 718 820 780 Wil
842 719 887 779 ita
909 719 1072 784 restituere
1095 717 1176 779 vult:
1202 711 1380 792 Πτερέλαος,

198 815 239 894 oie
254 818 287 883 di
301 842 378 894 τινες
398 816 556 901 Τηλεβόας.
594 821 655 883 Sed
674 822 808 901 primum
822 822 1009 901 persuadere
1030 819 1106 880 mihi
1128 839 1255 896 nequeo,
1277 817 1380 877 Hero·

198 925 306 987 dorum
327 933 435 986 eontra
457 924 536 986 alius
559 923 695 985 auotoris
718 923 857 986 fabulam
878 943 1047 1003 pugnasse;
1071 920 1183 983 deinde
1205 921 1382 999 asyndeton

197 1028 362 1090 habemus:
396 1020 566 1108 Πτερελάου
597 1029 651 1086 τοῦ
681 1022 845 1104 Τηλεβόαυ,
875 1026 1008 1105 denique
1038 1027 1093 1086 τοῦ
1119 1017 1270 1102 Τηλεβόου
1299 1030 1380 1082 tam-

198 1151 290 1209 quam
312 1129 457 1191 ethnioon
480 1128 662 1191 sumendum
684 1128 774 1190 nobis
796 1135 887 1208 esset,
914 1130 996 1206 quod
1017 1134 1145 1208 proptor
1165 1126 1258 1187 finem
1280 1125 1381 1186 totius

200 1231 318 1311 sobolii,
340 1231 396 1292 ubi
417 1251 468 1293 res
490 1238 582 1292 antea
605 1231 708 1292 diotae
729 1231 844 1310 partim
865 1239 1057 1310 repetuntur,
1082 1230 1136 1292 vix
1158 1229 1243 1291 orodi
1264 1236 1382 1307 potsst.

147 1335 149 1341 '
200 1336 312 1412 Itaque
326 1332 367 1395 ad
382 1333 550 1395 violentam
571 1333 772 1394 mutationem
789 1333 915 1394 tandem
936 1332 1197 1412 progrediendum
1218 1330 1294 1391 mihi
1310 1351 1382 1392 osse

199 1437 316 1518 putavi.
360 1435 460 1498 Oredo
483 1436 565 1498 enim
586 1436 719 1515 primum
741 1436 781 1496 ad
803 1437 899 1497 verba
920 1423 958 1513 ἧς
978 1432 1029 1496 καὶ
1049 1435 1240 1504 Ποσειδῶνος
1262 1433 1381 1494 νοτίοιο

199 1539 371 1616 lectionem,
393 1545 429 1600 ut
451 1538 496 1599 ita
518 1538 625 1616 dicam,
648 1537 837 1618 adseriptam
859 1538 957 1600 fuisse
980 1527 1029 1618 (ἧς
1046 1535 1110 1618 καλ)
1135 1531 1305 1616 Πτερελάου
1327 1540 1384 1594 τοῦ

205 1635 354 1720 Τηλεβόου
368 1644 427 1701 κτλ.
472 1641 505 1702 Si
527 1641 586 1702 hoo
608 1640 765 1720 sumimus,
789 1641 881 1702 etiam
904 1641 956 1719 τῆς
971 1633 1084 1721 μητρός
1106 1660 1144 1701 ex
1166 1640 1224 1701 hae
1246 1639 1384 1700 leotione

201 1751 301 1806 ortum
330 1763 400 1806 esse
427 1750 512 1823 puto,
541 1762 641 1820 neque
670 1763 740 1804 oum
761 1743 827 1805 Wil
860 1764 956 1822 oogor
983 1751 1105 1805 mutare
1132 1734 1305 1818 Ἵπποθόης
1327 1743 1385 1818 τῆς

202 1841 376 1927 Μήστορος,
407 1866 486 1923 quae
508 1845 686 1907 oonieotura
713 1845 845 1925 primum
872 1847 948 1907 mihi
969 1845 1062 1909 valde
1085 1845 1256 1907 adridebat.
1300 1845 1383 1904 Tum

201 1955 304 2010 autem
325 1946 462 2010 Pterelai
484 1945 564 2008 filios
586 1948 806 2028 desideramus,
838 1949 878 2010 ad
906 1949 989 2027 quod
1019 1943 1156 2019 ἐλθόντες
1184 1946 1384 2009 referendum

202 2049 262 2130 sit,⁸
277 2070 377 2129 neque
399 2049 546 2129 intellego
571 2071 625 2112 our
647 2070 708 2111 non
731 2072 800 2112 oum
823 2051 869 2112 ed.
891 2072 937 2131 pr.
960 2051 1132 2113 eoribomus
1160 2053 1221 2132 τοῦ.
1236 2045 1267 2108 δὲ
1294 2050 1382 2125 Τηλε·

202 2149 277 2232 βόας
292 2151 343 2213 καλ
364 2145 488 2230 Τόφιος,
510 2153 693 2232 praesertim
716 2175 785 2215 oum
807 2153 901 2215 etiam
921 2155 1000 2217 haee
1021 2154 1127 2232 verba,
1149 2161 1184 2214 ut
1205 2152 1296 2213 modo
1318 2171 1384 2211 me-

204 2256 329 2335 moravi,
359 2262 548 2336 repetentur.
601 2257 634 2319 si
666 2257 763 2335 igitur
792 2258 947 2320 Herodori
976 2257 1184 2319 narrationem
1214 2257 1382 2318 restituere

204 2360 354 2439 volumus,
376 2359 573 2422 scribendum
594 2367 685 2440 puto:
715 2349 752 2439 ἧς
773 2359 825 2420 καὶ
850 2360 1043 2431 Ποσειδῶνος
1068 2358 1241 2439 Πτερέλαος,
1270 2360 1325 2417 τοῦ
1348 2354 1382 2416 δὲ

211 2457 359 2541 Τηλεβόας
384 2459 435 2522 καλ
462 2457 577 2539 Τόφιος
607 2455 660 2542 [οἷς
689 2460 722 2524 di
745 2483 821 2534 τινες
843 2460 949 2544 (αὐτῆς
970 2461 1021 2524 καλ
1045 2462 1159 2525 addere
1188 2461 1296 2523 debuit
1326 2461 1383 2539 qui

206 2573 346 2628 nostrum
374 2564 559 2627 scholiorum
589 2586 700 2645 eorpus
731 2567 913 2646 oomposuit)
944 2562 1113 2645 Πτερελάου
1140 2567 1195 2625 τοῦ
1229 2559 1381 2642 Τρλεβόου

205 2664 335 2749 ἐγίνοντο
351 2666 456 2739 παῖδες
470 2666 502 2728 οἱ
513 2666 690 2745 καλούμενοι
710 2663 874 2748 Τηλεβόαι].
895 2661 1052 2740 Ἐλθόντες
1075 2664 1107 2728 δὲ
1130 2660 1265 2752 deprome
1282 2661 1382 2726 Ἠλεκ-
1425 2716 1428 2722 .

204 2765 323 2851 τρόωνο
344 2765 380 2832 τό
401 2773 454 2848 τῆς
476 2765 598 2849 μάμμης
628 2768 742 2832 ἕαυτοόν
766 2774 830 2850 [τῆς
852 2766 973 2850 μητρός]
995 2763 1176 2848 Ἵπττοθόης.
1227 2770 1296 2832 Ηοο
1324 2793 1383 2850 pro

206 2880 290 2937 oerto
312 2874 465 2954 haberem,
487 2874 548 2936 nisi
571 2873 731 2953 dubitatio,
755 2874 894 2952 quamvis
916 2895 1023 2954 parva,
1045 2886 1226 2958 remaneret.
1270 2875 1383 2936 Tradit

208 2977 289 3040 enim
303 2977 534 3039 Anaximander
555 3000 593 3057 ap
608 2978 713 3039 Athen
727 2978 777 3038 XI
795 2980 883 3039 4980
905 2979 1071 3040 Teleboum
1093 2999 1112 3039 a
1132 2986 1222 3057 patre
1236 2978 1384 3056 Neptuno

210 3081 354 3162 pooulum
368 3081 447 3142 illud
460 3081 625 3160 aooepisse,
646 3081 729 3142 huno
744 3087 847 3142 autem
861 3083 1005 3143 Pterelao
1019 3081 1202 3160 prodidisse.
1245 3081 1279 3141 Si
1293 3081 1385 3142 nobis

207 3183 365 3263 fingimus,
394 3184 477 3261 quod
498 3183 598 3263 faoile,
620 3190 703 3264 puto,
729 3184 873 3264 facimus,
902 3185 1080 3246 Pterelaum
1102 3186 1256 3246 Teleboae
1284 3183 1385 3244 fflium

208 3307 284 3367 esse,
306 3287 365 3348 hoo
386 3287 478 3366 plane
500 3287 635 3349 oonoinit
657 3308 726 3350 oum
749 3308 785 3349 ea
807 3287 921 3367 fabula,
943 3309 1035 3367 quam
1057 3288 1089 3348 in
1111 3289 1167 3348 soh
1187 3287 1271 3366 Apln
1295 3285 1385 3346 addi·

210 3398 275 3452 tum
298 3410 365 3451 esse
394 3391 484 3452 modo
507 3390 654 3453 sumimus
677 3397 709 3452 et
729 3391 919 3470 Apollodoro
948 3391 1021 3452 inde
1051 3390 1134 3469 aII,
1157 3393 1187 3471 4,
1211 3395 1229 3450 6
1258 3398 1385 3470 praesto

208 3493 305 3554 fuisse
326 3499 440 3572 putem.
484 3493 546 3556 Sed
569 3494 703 3555 eonesdo
725 3494 904 3573 Neptunum
925 3515 982 3556 nos
1006 3494 1142 3555 libenter
1163 3493 1271 3554 eodem
1292 3494 1384 3556 modo

210 3617 279 3659 oum
300 3596 359 3656 hoo
380 3616 493 3674 genere
520 3597 716 3658 ooniunotum
746 3597 835 3658 nobis
864 3598 1014 3676 cogitare,
1044 3618 1105 3675 quo
1135 3596 1212 3658 alias
1234 3596 1385 3677 videmus,

209 3699 330 3762 scilieet
358 3718 427 3759 eum
457 3719 526 3760 oum
548 3699 728 3779 Hippothoe
757 3700 837 3761 hano
864 3699 1044 3780 progeniem
1074 3699 1225 3778 genuisse.
1269 3699 1303 3759 Si
1325 3701 1387 3762 hoo

210 3803 302 3883 plane
323 3820 449 3862 neeesse
471 3809 562 3880 esset,
589 3802 629 3862 ad
651 3822 718 3863 eam
740 3802 925 3865 sententiam
947 3801 1187 3880 confugiendum
1209 3809 1299 3880 esset,
1321 3805 1386 3882 pri·

211 3925 294 3967 orem
316 3904 488 3983 Teleboum,
509 3905 646 3966 Pterelai
666 3911 794 3984 patrem,
824 3926 893 3967 oum
914 3905 1094 3984 posteriore,
1123 3905 1189 3966 eius
1210 3904 1282 3984 filio,
1313 3925 1386 3966 oon-

211 4007 314 4069 fusum
329 4026 398 4068 esse
419 4041 461 4052 -
482 4012 514 4066 et
535 4007 593 4069 hoo
608 4008 699 4069 modo
713 4007 846 4069 fortasse
861 4008 998 4087 quinque
1019 4008 1073 4068 illa
1088 4028 1203 4086 genera
1224 4007 1257 4066 in
1272 4008 1387 4084 quibus

212 4109 295 4190 apud
309 4109 393 4188 Apld
408 4108 599 4190 offendimus,
623 4110 774 4172 declarari
795 4119 924 4190 possent
944 4146 987 4155 —
1008 4111 1064 4172 sed
1079 4110 1138 4171 hoo
1159 4110 1205 4170 ita
1219 4128 1287 4170 esse
1302 4110 1389 4188 apud

212 4212 316 4273 Athen
349 4233 411 4273 non
442 4212 558 4275 dietum
589 4222 637 4276 est
667 4219 699 4275 et
727 4212 811 4273 haud
839 4213 903 4276 seio
936 4235 975 4274 an
1004 4212 1234 4274 Anaximander
1262 4211 1388 4272 tertiam

213 4315 425 4395 genealogiam
448 4314 620 4394 protulerit.
662 4316 821 4378 Habemus
843 4315 941 4396 igitur
962 4322 1125 4378 stemmata
1147 4316 1274 4376 haeeoe:

413 4676 648 5022 l
