3062 5070
232 1718 290 1814 Dc
320 1719 563 1841 Pherecydis
593 1721 834 1842 fragmentis
865 1721 1055 1816 adarolo
1077 1719 1252 1814 Mueller
1284 1720 1426 1814 editis.

311 1935 438 2055 Atque
467 1980 600 2058 primurn
626 1980 751 2058 quidem
774 1980 813 2040 de
835 1979 978 2040 Muelleri
1001 1979 1135 2040 editione
1159 1999 1256 2057 agam,
1287 1986 1323 2039 ut
1346 1999 1429 2055 qua-

230 2087 321 2140 tenns
344 2080 372 2140 ei
387 2080 464 2142 fides
478 2082 622 2143 habenda
636 2083 685 2162 sit,
715 2089 867 2160 quatenus
882 2103 952 2161 non,
975 2080 1099 2143 facilius
1113 2081 1310 2158 intelligatur
1325 2089 1426 2158 atque

233 2189 269 2241 ut
290 2183 406 2244 rectius
428 2183 491 2263 illa,
515 2184 613 2245 donec
634 2205 715 2246 nova
736 2185 768 2244 in
792 2186 892 2245 lucem
908 2186 1025 2263 edetur,
1048 2183 1192 2261 usurpari
1207 2183 1313 2263 possit.
1351 2183 1427 2256 Qua

229 2285 262 2343 in
283 2305 317 2345 re
338 2307 420 2346 nnnc
443 2288 550 2348 statim
573 2288 651 2367 dico,
674 2308 723 2348 me
746 2288 780 2347 id
798 2287 994 2366 potissimum
1010 2287 1220 2348 exhibiturum
1236 2306 1312 2365 esse,
1336 2288 1424 2362 quod

230 2407 268 2447 ex
290 2388 493 2467 scriptoribus
515 2391 588 2452 inde
610 2393 649 2452 ab
672 2398 774 2452 aetate
808 2390 950 2451 Muelleri
972 2391 1082 2451 melius
1103 2389 1196 2450 editis
1221 2389 1292 2448 elici
1306 2396 1424 2467 potest.

230 2489 310 2549 Nam
334 2498 439 2552 utrum
466 2513 511 2553 ex.
534 2514 580 2571 gr.
610 2493 833 2572 subscriptioni
864 2485 884 2570 ἡ
914 2491 1028 2574 ἱστορία
1051 2485 1132 2572 παρὰ
1158 2487 1321 2569 Φερεκύδει
1346 2510 1421 2551 con-

228 2591 323 2652 fidere
344 2594 498 2672 possimus
520 2616 626 2674 necne,
648 2597 699 2658 vel
724 2616 798 2657 num
819 2595 883 2655 alia
898 2594 1071 2673 fragmenta
1091 2593 1282 2672 Pherecydis
1297 2593 1425 2654 nomine

228 2715 290 2754 non
319 2695 413 2757 allato
444 2698 473 2758 ei
503 2699 671 2759 tribuenda
707 2699 778 2777 sint,
808 2699 859 2760 vel
881 2697 1014 2774 denique
1036 2718 1109 2758 num
1130 2696 1339 2775 fragmentum
1362 2697 1425 2763 Ph,
1529 2748 1530 2770 ,

227 2797 404 2877 philosophi
434 2800 476 2860 sit
489 2800 524 2880 ¹),
552 2809 619 2861 tum
653 2802 775 2862 demum
816 2800 980 2861 diiudicari
1006 2801 1130 2879 poterit,
1161 2821 1230 2861 cum
1251 2798 1359 2859 fabula
1381 2800 1426 2860 ab

229 2921 264 2960 eo
297 2901 414 2962 tradita
443 2911 590 2964 accurate
624 2924 779 2984 perpensa
810 2912 842 2964 et
871 2924 975 2964 omnes
1007 2903 1060 2963 alii
1090 2904 1130 2963 de
1151 2903 1260 2962 eadem
1289 2901 1426 2962 historia

229 3011 371 3065 auctores
400 3005 433 3065 in
463 3027 593 3068 examen
621 3007 725 3068 vocati
748 3014 855 3068 erunt:
884 3007 917 3065 id
939 3007 1022 3083 quod
1043 3026 1125 3066 nunc
1148 3004 1273 3083 quidem
1295 3004 1328 3064 in
1349 3024 1424 3082 per-

227 3107 336 3185 paucis
364 3106 482 3168 faotum
519 3118 575 3170 est.
618 3110 723 3170 Etiam
745 3110 778 3169 id
810 3116 901 3169 antea
923 3108 1001 3188 dico,
1030 3109 1063 3168 in
1085 3108 1269 3187 fragmentis
1292 3106 1424 3167 scholiis
1528 3095 1529 3106 ¹

227 3209 442 3288 Apollonianis
487 3212 638 3291 servatis,
676 3213 709 3272 in
746 3212 859 3290 quibus
889 3211 986 3272 Keilii
1025 3211 1159 3272 editione
1195 3211 1242 3271 uti
1271 3210 1425 3270 Muellero

227 3311 364 3372 nondum
393 3313 516 3392 licebat,
552 3314 778 3394 discrepantias
809 3335 858 3374 me
887 3334 948 3374 non
978 3321 1158 3375 notatarum
1181 3333 1257 3391 esse,
1288 3311 1349 3372 nisi
1370 3332 1424 3372 res

228 3412 317 3475 falsis
338 3415 481 3478 Muelleri
517 3417 704 3479 lectionibus
732 3425 787 3479 aut
808 3419 974 3478 obscurata
996 3425 1045 3478 est
1067 3425 1121 3478 aut
1142 3435 1297 3495 perverse.
1340 3413 1423 3475 Nam

228 3517 260 3576 in
291 3517 348 3596 his,
383 3539 452 3579 cum
481 3520 573 3581 modo
610 3522 658 3582 ed.
688 3542 733 3600 pr.
764 3520 856 3581 modo
891 3521 957 3582 cod.
988 3519 1163 3581 Parisinum
1177 3517 1204 3596 ²)
1235 3518 1423 3599 adhibuerit,

230 3618 328 3682 falsae
359 3621 509 3684 lectiones
540 3624 646 3701 plures
668 3632 751 3703 sunt,
783 3643 876 3701 quam
898 3632 934 3684 ut
957 3643 1063 3684 omnes
1085 3621 1268 3699 singillatim
1291 3639 1426 3685 commo.

228 3742 348 3784 morare
370 3725 495 3803 possim.
532 3726 591 3786 His
613 3727 790 3804 praemissis
813 3726 853 3786 ad
872 3726 997 3804 singula
1015 3723 1190 3803 fragmenta
1209 3731 1422 3785 transeamus:

314 3825 370 3886 De
399 3827 642 3890 nominibus
663 3827 860 3907 Dionysi,
892 3827 1042 3906 Isidis,
1073 3825 1274 3903 Osiridis,
1302 3824 1422 3884 Hori:
1526 3837 1527 3842 ’

228 3930 265 3990 fr
289 3933 326 3990 1²
349 3930 407 4006 (IV
430 3931 522 3992 6371)
545 3932 592 4009 M)
614 3953 647 3975 ε
663 3932 750 3993 schol
772 3930 893 3991 Aristid
916 3952 937 4010 p
964 3932 1026 3991 100
1047 3930 1202 3990 Frommel
1224 3929 1297 4004 (313
1314 3927 1421 4006 Dine),

314 4131 341 4202 1)
353 4131 428 4188 Huic
454 4133 590 4205 adscripta
613 4136 676 4188 sunt
700 4132 730 4188 ir.
749 4133 783 4188 66
802 4136 830 4188 et
854 4132 906 4188 duo
931 4133 979 4187 illa
1003 4131 1037 4188 de
1061 4131 1154 4187 formis
1170 4130 1268 4185 Ionicis
1286 4129 1361 4185 FHG
1379 4129 1419 4186 IV

230 4216 307 4272 639b
322 4220 350 4272 et
360 4217 410 4274 627
420 4219 448 4282 b,
473 4219 616 4274 Praeterea
629 4219 716 4275 obiter
727 4219 844 4274 indolem
859 4219 1068 4289 fragmentorum
1083 4218 1215 4288 spectanti
1226 4216 1279 4271 huc
1291 4216 1424 4271 trahenda

230 4318 288 4358 csse
305 4303 448 4359 videantur
466 4303 547 4359 ctiam
564 4305 649 4363 hacc:
668 4305 786 4371 12‚2³‚
806 4311 829 4370 6,
847 4305 871 4372 t,
889 4303 930 4369 11,
949 4305 989 4362 14.

313 4388 340 4458 2)
359 4389 429 4456 Quid
455 4389 489 4445 de
516 4390 574 4445 cod.
590 4390 650 4451 Par.
668 4391 840 4446 indicandum
858 4389 900 4456 sit,
921 4389 983 4444 Keil
999 4388 1027 4444 in
1045 4387 1210 4459 praelatione
1229 4386 1295 4441 dixit
1312 4389 1340 4441 et
1360 4385 1423 4444 wil.

227 4474 290 4529 Her.
301 4473 315 4528 1
325 4491 350 4545 p.
360 4474 410 4529 187
419 4492 444 4531 n.
453 4475 510 4530 132.
537 4477 579 4530 Dc
592 4475 633 4530 ed.
644 4493 682 4545 pr.
690 4476 803 4530 fortasse
814 4475 892 4531 aliter
903 4475 1064 4531 censendum
1076 4478 1131 4528 est:
1147 4473 1180 4528 ci.
1191 4473 1266 4528 infra.
