3062 5070
616 315 828 372 ..39-

131 503 226 543 secus
245 503 281 542 ac
296 482 412 560 singuli
426 483 574 562 homines,
597 483 650 560 qui
666 475 800 562 ὑβρισταὶ
819 491 899 544 sunt.
937 483 1053 544 Contra
1068 483 1149 544 enim
1164 483 1319 562 Apollinis

133 606 259 646 sacrum
281 587 401 647 scelera
422 587 689 664 commisetunt1).
733 587 771 646 In
793 586 852 648 hac
874 586 970 664 igitur
991 585 1099 646 fabula
1120 593 1152 648 et
1173 587 1321 649 Deianira

131 696 164 749 et
178 689 296 768 Hyllus
318 689 542 767 supervacanei
564 697 645 768 sunt,
668 709 769 767 neque
787 689 1012 750 Thiodamanta
1034 709 1134 766 neque
1150 689 1211 750 alia
1225 711 1319 752 causa

132 798 183 851 est
215 811 302 870 opus.
338 792 505 853 -Heroules
538 799 586 854 est
615 792 761 870 Argivus,
793 791 848 869 qui
884 791 990 852 orbem
1019 791 1128 854 bestiis
1155 793 1255 853 noxiis
1286 801 1318 854 et

132 892 313 954 hominibus
342 895 484 956 scelestis
513 894 634 956 liberat.
679 893 757 955 (lum
787 901 949 973 praeterea
970 893 1082 971 Argivi
1104 894 1133 955 ei
1154 902 1235 973 sunt,
1265 896 1319 972 qui

132 997 293 1056 oraculum
304 996 490 1075 Delphicum
504 997 566 1058 sibi
580 995 730 1058 tuendum
745 1017 813 1058 esse
829 1005 861 1058 et
876 995 1106 1058 defendendum
1115 997 1270 1076 putabant
1280 999 1316 1079 ²),

131 1098 211 1160 haec
234 1099 365 1178 simplex
388 1119 482 1160 causa
503 1098 636 1162 fortasse
657 1107 742 1160 recte
763 1099 883 1178 Argiva
904 1119 973 1160 esse
995 1098 1135 1178 putanda
1156 1106 1213 1160 est.

218 1203 310 1262 Hanc
340 1209 444 1262 autem
472 1200 566 1262 etiam
589 1222 608 1261 a
628 1201 809 1279 Pherecyde
832 1200 979 1262 traditum
1001 1221 1069 1262 esse
1092 1222 1130 1262 ex
1152 1201 1256 1264 verbis
1278 1223 1317 1264 ex

132 1325 168 1365 eo
199 1304 311 1383 allatis,
341 1305 369 1365 si
390 1304 513 1365 omnino
536 1303 662 1382 aliquid,
693 1303 940 1364 concludendum
961 1323 1030 1365 esse
1052 1324 1177 1366 censeo:
1206 1303 1236 1364 fr
1257 1307 1315 1366 38:

131 1401 289 1483 λῃστρικόν
316 1403 348 1466 dl
378 1401 409 1467 cd
440 1404 530 1477 ἔθνος
559 1409 617 1466 ari.
663 1405 733 1466 Hoc
763 1413 866 1467 autem
896 1406 990 1468 etiam
1019 1407 1052 1467 in
1082 1407 1253 1469 enchiridio
1277 1409 1315 1468 de

131 1509 315 1588 Pherecyde
344 1516 503 1571 narratum
532 1507 636 1587 fuisse,
667 1528 705 1569 ex
726 1507 811 1586 Apld
842 1514 874 1568 ot
895 1508 978 1568 Diod
1007 1530 1159 1572 consensu
1181 1509 1315 1572 fortasse

132 1611 329 1672 efficiendum
360 1619 415 1690 est,
446 1631 630 1690 quamquam
660 1611 699 1671 de
720 1610 862 1690 Laogore
891 1611 969 1672 nihil
991 1612 1116 1674 aliunde
1137 1620 1245 1674 notum
1266 1620 1315 1678 est

133 1722 164 1775 et
188 1714 272 1793 apud
293 1715 377 1776 Diod
400 1714 500 1776 aliena
523 1713 660 1774 admixta
681 1712 835 1774 videntur.

239 1817 382 1896 Denique
410 1816 544 1878 fortasse
575 1817 673 1876 altera
702 1835 740 1876 ex
770 1823 859 1894 parte
888 1816 945 1877 sch
966 1817 1051 1896 Apln
1080 1838 1119 1878 ex
1140 1818 1224 1879 Pher
1251 1839 1314 1880 non

131 1927 230 1981 totum
260 1927 418 2000 sumptum
440 1941 509 1982 esse
531 1919 738 1980 demonstrari
759 1925 870 1996 potest.
915 1919 996 1980 Nam
1017 1921 1193 1982 accuratius
1216 1928 1313 1983 totam

131 2022 215 2102 Apld
237 2031 270 2084 et
284 2022 368 2083 Diod
390 2023 429 2083 de
443 2009 590 2087 Herculis
612 2021 752 2100 parergis
774 2029 896 2100 partem
916 2021 1051 2084 intuenti
1073 2022 1166 2085 facile
1179 2024 1313 2104 videtur,

132 2145 237 2186 omnes
267 2146 317 2187 res
340 2125 380 2186 ab
403 2146 440 2186 eo
470 2132 575 2203 gestas
597 2124 682 2184 Iolao
709 2122 815 2184 fabula
845 2125 1071 2204 comprehendi.
1120 2126 1230 2187 Omnia
1252 2127 1313 2187 aha

133 2227 213 2288 inter
242 2228 335 2289 huius
364 2227 487 2288 initium
516 2235 547 2288 et
579 2227 694 2288 exitum
725 2227 844 2288 inserta
872 2233 952 2288 sunt.
996 2229 1046 2289 Ex
1076 2228 1184 2290 fabula
1208 2236 1311 2290 autem

110 2329 192 2406 illa,
215 2330 364 2392 Deianira
391 2330 512 2392 scilicet
541 2328 716 2409 accedente,
746 2349 829 2390 mors
857 2329 1003 2392 Herculis
1031 2330 1156 2409 pendet.
1199 2335 1310 2410 Itaque

131 2441 215 2512 puto,
237 2433 288 2494 vel
310 2431 474 2493 enchiridii
496 2433 546 2494 vel
568 2431 680 2511 prioris
702 2432 763 2492 iam
785 2431 921 2494 auctoris
936 2433 1129 2494 voluntatem
1151 2455 1213 2505 non
1228 2433 1309 2495 diffi-

132 2536 230 2596 culter
258 2535 372 2613 detegi,
402 2535 505 2597 omnia
533 2542 605 2614 post
633 2534 851 2594 dodecathlum
881 2532 965 2595 facta
987 2535 1076 2612 quasi
1102 2556 1163 2597 uno
1185 2536 1310 2599 vinculo

131 2645 301 2715 conectere,
330 2638 413 2715 quod
441 2638 481 2698 ad
511 2643 641 2698 mortem
669 2635 795 2697 tandem
825 2634 967 2698 deducat.
1018 2637 1176 2711 Quomodo
1207 2646 1310 2701 autem

128 2739 325 2818 Pherecydes
360 2740 463 2801 herois
499 2746 629 2802 mortem
657 2738 844 2816 narraverit,
880 2739 1045 2801 nescimus.
1095 2741 1156 2803 Sed
1188 2741 1310 2822 scimus,

131 2841 317 2920 Oechaliam,
348 2842 436 2903 cuius
467 2841 654 2922 expugnatio
686 2848 754 2902 arte
786 2861 856 2901 cum
877 2841 932 2927 illa
954 2844 1107 2922 cohaeret,
1136 2845 1220 2923 apud
1242 2866 1311 2906 eum

129 2964 190 3005 uon
210 2945 243 3004 in
265 2945 402 3023 Euboea,
427 2943 538 3006 sedin
560 2943 696 3005 Arcadia
717 2942 823 3024 fuisse,
845 2945 960 3006 scimus
983 2952 1057 3023 tum,
1080 2966 1150 3007 eum
1171 2945 1309 3008 fabulam

129 3046 218 3125 plane
248 3047 437 3125 singularem
465 3046 642 3124 tradidisse,
671 3066 733 3106 non
762 3046 824 3108 sibi
845 3047 1020 3126 Herculem,
1050 3048 1107 3109 sed
1128 3049 1223 3128 Hyllo
1246 3049 1309 3110 fflio

129 3150 226 3210 Iolam
263 3149 296 3210 in
331 3148 559 3210 matrimonium
597 3133 710 3209 ducere
748 3149 892 3211 voluisse.
946 3150 1056 3222 Quoad
1092 3159 1195 3211 autem
1232 3153 1309 3214 haec

129 3251 262 3313 narratio
285 3253 376 3331 plane
398 3251 463 3313 fere
485 3252 555 3312 luce
576 3258 687 3330 careat,
709 3251 743 3310 id
757 3257 879 3312 tantum
895 3253 1125 3314 concedendurn
1141 3275 1209 3316 esse
1223 3262 1307 3334 puto,

129 3337 223 3416 multa
244 3355 334 3416 ahter
349 3353 432 3433 apud
445 3353 658 3432 Pherecydem
672 3352 773 3416 videri
788 3362 912 3415 narrata
927 3375 1003 3435 esse,
1026 3365 1119 3434 atque
1137 3358 1308 3419 cavendum

130 3464 183 3537 est,
214 3478 254 3518 ne
286 3478 324 3518 ex
346 3456 453 3518 fabula
476 3455 628 3517 communi
651 3477 730 3534 quae
753 3457 866 3518 desunt
887 3464 1002 3519 temere
1024 3459 1206 3522 inducamus
1227 3481 1307 3522 neve

129 3595 170 3605 -
191 3559 274 3637 quod
305 3560 344 3620 ad
378 3559 459 3620 hanc
491 3559 703 3636 quaestionem
735 3559 848 3620 attinet
879 3595 920 3605 -
951 3560 1155 3625 enchiridium
1186 3584 1225 3625 ex
1252 3564 1306 3624 illo

129 3661 261 3740 pendere
284 3662 503 3724 concludamus
515 3662 554 3743 ³).

25 3929 26 3940 ¹
194 3902 219 3968 1)
238 3901 312 3956 Haec
334 3899 474 3954 historiola
497 3899 611 3955 lemae
635 3899 795 3972 aPhlegyis
818 3900 942 3956 traducta
960 3902 1303 3972 anteveniamus),

25 4015 26 4044 1
129 3987 156 4042 ci
175 3986 339 4056 potissimum
355 3985 476 4040 Philortr
498 3984 571 4055 imag
587 3985 616 4040 11
635 3984 674 4052 19,
698 3985 745 4042 ubi
762 3985 859 4056 Apollo
876 3986 998 4043 Herculis
1021 3987 1077 4044 iere
1101 3988 1216 4059 speciem
1240 4006 1305 4059 prae

25 4057 26 4134 l
130 4072 230 4128 refert

166 4203 169 4209 .
208 4157 235 4226 2)
254 4156 283 4212 cf
296 4173 327 4211 ex
345 4173 377 4226 gr
393 4157 463 4212 Paua
480 4155 520 4210 IX
536 4155 577 4222 36,
595 4156 611 4212 2
630 4156 722 4226 (etiam
739 4156 790 4212 hoc
807 4157 836 4212 in
852 4156 1032 4229 Phlegyarum
1049 4159 1157 4218 fabulet

207 4244 234 4313 3)
252 4242 376 4314 Getarum
400 4257 454 4298 non
477 4241 600 4310 intellegi
621 4243 718 4312 potest,
742 4258 789 4298 cur
805 4243 876 4298 Pher
898 4246 927 4299 et
950 4244 979 4299 in
996 4245 1112 4301 seeundo
1134 4245 1202 4302 libro
1223 4250 1252 4302 et
1275 4247 1303 4303 iu

128 4329 202 4384 tertio
234 4329 268 4384 de
292 4325 444 4397 Dryopibus
475 4326 567 4396 egerit
608 4327 662 4384 Sed
685 4342 746 4382 curn
768 4327 796 4383 in
819 4331 932 4399 utroque
955 4330 1078 4386 Herculis
1101 4331 1173 4388 iacta
1196 4335 1303 4390 uenata

130 4413 229 4482 ineunt
252 4413 371 4470 nondum
394 4415 484 4468 utrum
500 4428 592 4470 verum
610 4413 646 4469 sit
663 4413 773 4470 enodari
790 4418 887 4486 potest
904 4443 937 4456 ·-
955 4415 996 4470 De
1013 4416 1102 4473 uerbis
1120 4417 1214 4474 scholii
1230 4421 1302 4474 recte
