3062 5070
14 527 15 531 ,
124 480 191 542 onis
207 480 271 542 sint
292 518 334 529 -
355 501 427 542 nam
442 482 481 542 ab
496 485 628 559 utroque
643 482 736 544 urbes
751 483 948 544 nominantur
966 518 1007 528 -
1027 483 1086 544 hoc
1101 482 1139 544 de
1153 483 1299 561 Panopeo

124 607 162 646 ex
183 583 372 663 Apollodoro
403 583 526 662 quidem
551 583 658 646 videre
687 604 749 645 non
777 605 949 664 possumus.
1001 586 1095 664 Apud
1124 607 1194 647 eum
1223 586 1300 647 nihil

13 705 15 725 ‘1
124 688 209 766 facit,
232 694 268 748 ut
290 693 381 748 antea
402 689 528 749 Euenos.
572 687 634 748 Sed
656 687 707 748 hic
730 707 768 747 ex
789 687 858 750 aliis
882 689 1068 768 auctoribus,
1096 710 1172 768 quas
1194 695 1300 768 partes

126 791 178 852 ille
201 791 382 870 susceperit,
411 791 555 870 supplere
577 809 749 870 possumus.
799 791 878 852 Nam
900 792 1065 871 Panopeus
1088 813 1126 854 ex
1148 791 1302 853 communi

125 894 242 975 praeda
271 894 407 973 puellam
436 893 571 972 surripit,
601 892 766 971 Lagariam
796 893 853 971 (sic
879 895 1022 956 Meineke
1052 903 1084 956 et
1107 896 1233 974 Maass),
1264 915 1302 954 ex

127 1019 187 1076 qua
216 997 337 1076 Epeum
366 997 509 1076 suscipit:
539 996 643 1058 schT
674 997 714 1056 ad
745 999 779 1056 Ψ
804 998 874 1057 665.
924 998 986 1058 Hic
1015 1006 1118 1059 autem
1148 998 1181 1058 in
1208 997 1303 1058 Italia

14 1167 15 1192 ,
125 1103 232 1162 urbem
263 1099 376 1178 condit,
408 1099 457 1160 cui
485 1099 593 1161 matris
621 1120 732 1160 nomen
759 1100 827 1160 dat:
859 1101 950 1161 Strab
973 1101 1020 1162 VI
1042 1104 1104 1162 263
1133 1103 1187 1180 (=
1209 1101 1245 1162 St
1274 1101 1301 1161 B

127 1202 288 1284 Aoyoqtc).
345 1203 527 1264 Strabonem
560 1210 663 1264 autem
696 1202 747 1263 hic
780 1202 902 1263 omnino
936 1221 974 1263 ex
1004 1203 1129 1265 Timaeo
1161 1204 1303 1264 hausisse

13 1295 14 1303 ἵ
129 1315 220 1387 putat
241 1306 388 1367 Hunrath
418 1309 463 1386 (de
493 1306 582 1365 Strob
607 1308 649 1366 VI
666 1305 804 1386 sontibus
830 1305 896 1365 diss
925 1305 1077 1384 Marburg
1106 1309 1187 1368 1879
1218 1328 1238 1386 p
1262 1309 1300 1367 21

129 1413 233 1488 -26).
284 1410 417 1479 Etiamsi
449 1410 488 1470 de
521 1409 579 1470 hac
610 1409 766 1471 sententia
798 1407 934 1469 dubitari
962 1409 1036 1470 licet
1069 1408 1116 1486 (cf
1143 1409 1303 1488 Geffoken,

132 1515 267 1573 Tr'muros’
293 1534 389 1592 geogr
420 1516 440 1572 d
462 1523 581 1572 westona
612 1533 633 1591 p
666 1513 813 1590 37-39),
846 1518 950 1572 tamen
976 1519 1074 1573 totam
1099 1513 1179 1575 hanc
1207 1512 1304 1574 histo·

128 1618 204 1676 riam
227 1623 259 1677 et
274 1615 453 1677 Gomaithus
476 1618 646 1691 amoreml)
670 1613 753 1693 apud
774 1614 841 1693 Lyo
864 1615 1013 1675 930-50
1034 1615 1191 1695 habemus,
1214 1637 1305 1693 quem

130 1739 222 1798 saepe
245 1738 283 1778 ex
305 1719 430 1779 Timaeo
452 1717 592 1779 hausisse
615 1724 751 1795 constat,
779 1723 941 1796 praeterea
961 1737 1035 1778 vero
1065 1717 1209 1795 (Aristot)
1238 1717 1304 1778 mir.

131 1842 212 1882 ausc.
237 1824 298 1882 108
320 1823 407 1899 (116)
429 1821 595 1899 accedunt,
626 1820 799 1897 dequibus
828 1821 910 1880 idem
938 1829 1046 1882 notum
1071 1819 1173 1899 est2);
1199 1822 1306 1899 itaque

129 1932 246 1984 certum
261 1924 482 2002 videturesse,
506 1923 664 1984 Timaeum
686 1923 778 1984 huius
801 1921 926 1984 fabulae
948 1922 1065 1984 fontem
1088 1921 1201 2002 ossei).
1243 1924 1305 1985 Sed

129 2047 197 2087 oum
219 2027 303 2106 apud
325 2048 393 2087 eum
415 2026 495 2087 hanc
517 2025 678 2087 historiam
703 2026 744 2086 ad
765 2025 931 2104 Lagariam
953 2026 1061 2087 urbem
1084 2026 1235 2088 adnexam
1256 2026 1304 2087 fu-

129 2130 190 2191 isse
212 2129 380 2192 verisimile
402 2130 565 2208 sitneque
587 2149 643 2190 nos
666 2129 813 2207 sciamus,
843 2149 920 2206 quas
941 2129 1065 2190 fabulas
1087 2130 1161 2191 huic
1182 2130 1228 2192 rei
1250 2129 1303 2190 ad-

130 2233 268 2294 hibuerit
288 2233 339 2294 vel
362 2254 452 2309 quam
475 2243 618 2293 accurate
640 2231 763 2310 singula
785 2233 969 2311 exposuerit,
991 2232 1044 2293 vix
1065 2239 1170 2311 potest
1192 2232 1303 2293 diiudi-

132 2335 202 2414 cari,
225 2335 301 2412 quid
316 2334 439 2396 fabulae
454 2334 679 2414 Apollodoreae
700 2341 825 2414 praeter
846 2333 974 2394 exitium
989 2335 1018 2396 ei
1032 2335 1232 2396 tribuendum
1253 2335 1303 2396 sit.

216 2438 358 2516 Denique
372 2437 405 2497 id
419 2439 514 2499 verbo
529 2444 663 2515 tangam,
685 2444 808 2515 partum
829 2437 931 2516 ipsum
953 2438 1036 2515 apud
1050 2437 1134 2517 Apld
1156 2459 1175 2498 a
1188 2438 1303 2498 Phere-

134 2542 211 2621 cyde
241 2541 415 2602 abhorrere.
466 2540 544 2600 Nam
574 2561 635 2600 uon
656 2539 746 2600 modo
769 2541 912 2618 poculum
935 2539 1102 2602 Alcmenae
1125 2540 1232 2601 datum
1253 2540 1304 2601 hio

134 2644 228 2724 deest,
253 2645 309 2705 sed
330 2644 586 2724 Amphitryonem
609 2650 641 2704 et
662 2643 768 2703 lovem
789 2663 850 2703 non
873 2643 980 2703 eadem
1002 2652 1093 2705 nocte
1116 2643 1222 2705 venire
1244 2643 1306 2704 dis·

132 2755 245 2827 crepat.
289 2749 397 2825 Neque
425 2754 489 2808 tres
519 2753 626 2807 noctes
648 2745 755 2806 Iovem
779 2746 861 2825 apud
883 2746 968 2806 illam
990 2746 1140 2808 mansisse
1163 2768 1232 2808 cum
1253 2747 1306 2807 illo

133 2850 275 2930 concinit,
299 2857 331 2910 et
354 2849 475 2911 omnino
499 2847 623 2910 serioris
645 2847 770 2909 fabulae
792 2847 917 2909 videtur
937 2849 1096 2928 proprium
1117 2851 1231 2926 essel).

221 3141 342 3202 Deinde
373 3142 419 3202 de
440 3141 621 3203 Hercule
651 3140 698 3200 ad
727 3140 807 3202 (lon
836 3141 1013 3202 insulam
1039 3141 1231 3202 veniente
1262 3141 1307 3200 di—

135 3245 265 3306 cendum
289 3252 344 3323 est,
368 3265 429 3321 qua
451 3244 489 3304 de
511 3265 545 3304 re
559 3244 645 3322 Apld
659 3244 695 3303 Π
714 3246 772 3322 7,1
796 3244 941 3322 loquitur.
984 3244 1089 3323 Atque
1109 3264 1308 3323 praemonen-

136 3347 208 3408 dum
240 3355 295 3426 est,
328 3347 407 3407 hane
440 3347 632 3408 historiolam
662 3353 694 3406 et
727 3347 810 3426 apud
839 3347 923 3408 Diod
952 3347 1068 3424 deesse,
1098 3367 1197 3424 neque
1227 3348 1310 3426 apud

134 3451 227 3510 alium
249 3450 508 3529 mythographum
531 3450 679 3510 traditam
695 3469 770 3510 esse.
814 3450 920 3511 Facile
940 3451 1037 3528 igitur
1052 3450 1121 3527 quis
1138 3449 1309 3528 concludat,

135 3574 200 3613 eam
222 3573 261 3613 ne
283 3552 315 3612 in
338 3551 508 3614 enchiridio
532 3552 656 3630 quidem
672 3553 838 3615 exstitisse.
881 3553 1022 3630 Namque
1045 3551 1127 3630 quod
1148 3551 1181 3611 in
1202 3552 1310 3613 tabula

134 3655 319 3717 Famesiaca
347 3655 494 3734 tangitur,
523 3676 585 3716 non
614 3674 741 3717 necesse
770 3661 826 3734 est,
856 3655 1044 3716 eontrarium
1073 3653 1203 3716 efficere.
1249 3655 1310 3715 Illa

203 3891 229 3961 1)
252 3891 306 3948 Sed
323 3891 367 3947 hio
384 3892 528 3948 secundum
544 3892 647 3948 scholia
666 3909 721 3948 non
737 3891 944 3963 Amphitryonis,
968 3891 1016 3947 aad
1034 3890 1152 3964 Cephali.
1174 3920 1209 3931 —
1232 3891 1311 3948 Prae·

134 3981 208 4033 terea
226 3976 365 4034 (lomaitho
383 3977 436 4032 uisi
452 3977 495 4032 his
512 3976 616 4033 duobus
634 3977 700 4033 locis
717 3994 770 4033 non
787 3976 900 4033 inveniri
917 3977 1029 4033 ridetur.

202 4063 228 4133 2)
247 4063 413 4134 Quamquam
430 4062 607 4119 Muelleuhoff
621 4067 668 4114 DA
686 4063 701 4118 I
718 4059 821 4118 tat—6
843 4063 910 4118 haee
927 4061 1017 4134 capita
1034 4078 1065 4117 ex
1082 4060 1189 4116 Timaeo
1207 4060 1312 4116 fluxim

134 4151 228 4302 Bogud)
247 4233 321 4289 Euae
345 4233 399 4290 Wil
422 4233 537 4304 benigne
563 4251 665 4291 meeum
693 4234 904 4291 communicarit
946 4233 1024 4290 Nunc
1050 4230 1078 4287 of
1105 4231 1231 4288 Geffoken
1264 4232 1274 4287 l
1298 4247 1312 4288 o

133 4337 151 4390 p
170 4319 288 4475 widila
306 4403 478 4478 sequentibus
495 4404 617 4477 utsupra
633 4423 651 4478 p
669 4405 710 4466 35.
